day;timestamp;product;bid_price_1;bid_volume_1;bid_price_2;bid_volume_2;bid_price_3;bid_volume_3;ask_price_1;ask_volume_1;ask_price_2;ask_volume_2;ask_price_3;ask_volume_3;mid_price;profit_and_loss
1;0;AMETHYSTS;9998;3;9996;1;9995;21;10004;1;10005;21;;;10001.0;0.0
1;0;ORCHIDS;1094;10;1093;3;1086;41;1102;10;1104;3;1111;41;1098.0;0.0
1;0;STARFRUIT;5048;1;5047;22;;;5054;22;;;;;5051.0;0.0
1;100;STARFRUIT;5047;26;;;;;5052;5;5054;26;;;5049.5;0.0
1;100;ORCHIDS;1094;6;1093;2;1087;51;1102;6;1103;2;1110;51;1098.0;0.0
1;100;AMETHYSTS;9995;26;;;;;9998;1;10005;26;;;9996.5;0.0
1;200;AMETHYSTS;9996;2;9995;30;;;9998;1;10004;2;10005;30;9997.0;2.0
1;200;ORCHIDS;1093;6;1092;3;1085;49;1101;6;1102;3;1108;49;1097.0;0.0
1;200;STARFRUIT;5053;1;5048;2;5047;30;5054;32;;;;;5053.5;0.0
1;300;AMETHYSTS;9996;1;9995;27;;;9998;1;10004;1;10005;27;9997.0;4.0
1;300;STARFRUIT;5047;27;;;;;5054;28;;;;;5050.5;2.0908203125
1;300;ORCHIDS;1093;10;1092;4;1085;52;1101;10;1102;4;1109;52;1097.0;0.0
1;400;AMETHYSTS;9995;25;;;;;10005;25;;;;;10000.0;6.0
1;400;ORCHIDS;1093;10;1092;3;1086;51;1101;10;1102;3;1109;51;1097.0;0.0
1;400;STARFRUIT;5048;5;5047;25;;;5054;25;;;;;5051.0;2.7431640625
1;500;STARFRUIT;5048;22;;;;;5055;22;;;;;5051.5;1.52197265625
1;500;ORCHIDS;1094;5;1093;4;1086;41;1102;5;1103;4;1109;41;1098.0;0.0
1;500;AMETHYSTS;9995;22;;;;;10005;22;;;;;10000.0;6.0
1;600;AMETHYSTS;9995;25;;;;;10005;25;;;;;10000.0;14.0
1;600;ORCHIDS;1093;10;1092;3;1086;49;1101;10;1102;3;1109;49;1097.0;0.0
1;600;STARFRUIT;5048;25;;;;;5053;2;5055;25;;;5050.5;6.638671875
1;700;AMETHYSTS;9995;23;;;;;9998;9;10005;23;;;9996.5;14.0
1;700;STARFRUIT;5049;5;5048;23;;;5055;23;;;;;5052.0;7.1708984375
1;700;ORCHIDS;1093;6;1092;5;1086;41;1101;6;1102;5;1109;41;1097.0;0.0
1;800;AMETHYSTS;9996;1;9995;27;;;10004;1;10005;27;;;10000.0;32.0
1;800;ORCHIDS;1093;10;1092;3;1085;47;1101;10;1102;3;1108;47;1097.0;0.0
1;800;STARFRUIT;5048;28;;;;;5055;28;;;;;5051.5;6.248046875
1;900;STARFRUIT;5048;21;;;;;5055;21;;;;;5051.5;7.025390625
1;900;ORCHIDS;1093;10;1092;5;1086;45;1101;10;1102;5;1109;45;1097.0;0.0
1;900;AMETHYSTS;9995;21;;;;;10005;21;;;;;10000.0;32.0
1;1000;ORCHIDS;1094;8;1092;3;1086;54;1101;8;1103;3;1109;54;1097.5;0.0
1;1000;STARFRUIT;5049;2;5048;28;;;5055;30;;;;;5052.0;28.84375
1;1000;AMETHYSTS;10002;2;9996;2;9995;28;10004;2;10005;28;;;10003.0;32.0
1;1100;AMETHYSTS;9996;2;9995;28;;;10004;2;10005;28;;;10000.0;36.0
1;1100;STARFRUIT;5049;30;;;;;5055;2;5056;28;;;5052.0;30.0703125
1;1100;ORCHIDS;1092;10;1091;3;1085;57;1100;10;1101;3;1108;57;1096.0;0.0
1;1200;ORCHIDS;1094;9;1093;5;1087;49;1102;9;1103;5;1110;49;1098.0;0.0
1;1200;STARFRUIT;5050;1;5049;28;;;5056;29;;;;;5053.0;33.3828125
1;1200;AMETHYSTS;9996;1;9995;28;;;10004;1;10005;28;;;10000.0;36.0
1;1300;STARFRUIT;5050;23;;;;;5057;23;;;;;5053.5;34.857421875
1;1300;ORCHIDS;1094;6;1093;4;1086;39;1102;6;1103;4;1109;39;1098.0;0.0
1;1300;AMETHYSTS;9995;23;;;;;9998;1;10002;7;10005;23;9996.5;36.0
1;1400;ORCHIDS;1095;5;1094;4;1087;45;1103;5;1104;4;1110;45;1099.0;0.0
1;1400;STARFRUIT;5050;2;5049;24;;;5056;26;;;;;5053.0;33.728515625
1;1400;AMETHYSTS;9996;2;9995;24;;;10002;4;10004;2;10005;24;9999.0;38.0
1;1500;ORCHIDS;1094;9;1093;2;1086;54;1102;9;1103;2;1109;54;1098.0;0.0
1;1500;AMETHYSTS;9996;2;9995;29;;;10002;7;10004;2;10005;29;9999.0;38.0
1;1500;STARFRUIT;5049;30;;;;;5056;31;;;;;5052.5;31.365234375
1;1600;STARFRUIT;5049;24;;;;;5056;24;;;;;5052.5;30.7109375
1;1600;AMETHYSTS;9996;1;9995;23;;;10004;1;10005;23;;;10000.0;38.0
1;1600;ORCHIDS;1094;7;1093;2;1087;42;1102;7;1103;2;1110;42;1098.0;0.0
1;1700;STARFRUIT;5049;24;;;;;5056;24;;;;;5052.5;30.091796875
1;1700;ORCHIDS;1095;8;1094;4;1087;50;1103;8;1104;4;1110;50;1099.0;0.0
1;1700;AMETHYSTS;9995;24;;;;;10005;24;;;;;10000.0;65.0
1;1800;ORCHIDS;1095;6;1094;4;1087;49;1103;6;1104;4;1110;49;1099.0;0.0
1;1800;STARFRUIT;5048;30;;;;;5055;30;;;;;5051.5;25.6328125
1;1800;AMETHYSTS;9996;2;9995;28;;;10004;2;10005;28;;;10000.0;65.0
1;1900;ORCHIDS;1097;5;1096;4;1089;40;1105;5;1106;4;1112;40;1101.0;0.0
1;1900;AMETHYSTS;9998;8;9996;2;9995;24;10004;2;10005;24;;;10001.0;65.0
1;1900;STARFRUIT;5047;26;;;;;5054;26;;;;;5050.5;22.642578125
1;2000;STARFRUIT;5048;22;;;;;5053;1;5055;22;;;5050.5;28.171875
1;2000;AMETHYSTS;9995;22;;;;;10005;22;;;;;10000.0;67.0
1;2000;ORCHIDS;1097;8;1096;2;1089;41;1105;8;1106;2;1112;41;1101.0;0.0
1;2100;STARFRUIT;5048;25;;;;;5055;25;;;;;5051.5;26.59765625
1;2100;ORCHIDS;1097;7;1096;3;1089;48;1105;7;1106;3;1112;48;1101.0;0.0
1;2100;AMETHYSTS;9995;25;;;;;10005;25;;;;;10000.0;67.0
1;2200;ORCHIDS;1098;7;1097;2;1090;48;1106;7;1107;2;1113;48;1102.0;0.0
1;2200;STARFRUIT;5049;31;;;;;5055;2;5056;29;;;5052.0;29.896484375
1;2200;AMETHYSTS;9996;2;9995;29;;;10004;2;10005;29;;;10000.0;67.0
1;2300;ORCHIDS;1099;9;1098;4;1091;47;1107;9;1108;4;1114;47;1103.0;0.0
1;2300;AMETHYSTS;9996;1;9995;20;;;10004;1;10005;20;;;10000.0;67.0
1;2300;STARFRUIT;5049;21;;;;;5056;21;;;;;5052.5;31.392578125
1;2400;STARFRUIT;5054;1;5050;3;5049;26;5055;1;5056;25;;;5054.5;29.791015625
1;2400;AMETHYSTS;10002;1;9996;1;9995;25;10004;1;10005;25;;;10003.0;67.0
1;2400;ORCHIDS;1099;10;1098;3;1091;51;1107;10;1108;3;1114;51;1103.0;0.0
1;2500;STARFRUIT;5048;27;;;;;5055;27;;;;;5051.5;30.8515625
1;2500;ORCHIDS;1096;10;1095;3;1089;48;1104;10;1105;3;1112;48;1100.0;0.0
1;2500;AMETHYSTS;9995;27;;;;;10005;27;;;;;10000.0;69.0
1;2600;ORCHIDS;1094;6;1093;5;1087;36;1102;6;1103;5;1110;36;1098.0;0.0
1;2600;STARFRUIT;5048;21;;;;;5055;21;;;;;5051.5;28.78515625
1;2600;AMETHYSTS;9996;1;9995;20;;;10004;1;10005;20;;;10000.0;69.0
1;2700;ORCHIDS;1095;8;1094;3;1087;48;1103;8;1104;3;1110;48;1099.0;0.0
1;2700;AMETHYSTS;9996;2;9995;29;;;10004;2;10005;29;;;10000.0;69.0
1;2700;STARFRUIT;5054;1;5049;2;5048;31;5055;31;;;;;5054.5;29.8984375
1;2800;STARFRUIT;5050;5;5049;22;;;5056;22;;;;;5053.0;33.71875
1;2800;AMETHYSTS;9995;22;;;;;10005;22;;;;;10000.0;69.0
1;2800;ORCHIDS;1096;8;1095;5;1088;42;1104;8;1105;5;1111;42;1100.0;0.0
1;2900;STARFRUIT;5049;22;;;;;5056;22;;;;;5052.5;33.904296875
1;2900;ORCHIDS;1098;10;1097;4;1090;47;1106;10;1107;4;1113;47;1102.0;0.0
1;2900;AMETHYSTS;9996;1;9995;21;;;10002;6;10004;1;10005;21;9999.0;69.0
1;3000;ORCHIDS;1098;10;1097;5;1091;48;1106;10;1107;5;1114;48;1102.0;0.0
1;3000;STARFRUIT;5049;28;;;;;5056;28;;;;;5052.5;33.666015625
1;3000;AMETHYSTS;9996;1;9995;27;;;10004;1;10005;27;;;10000.0;69.0
1;3100;AMETHYSTS;9995;25;;;;;10005;25;;;;;10000.0;69.0
1;3100;ORCHIDS;1100;5;1099;3;1093;48;1108;5;1109;3;1116;48;1104.0;0.0
1;3100;STARFRUIT;5048;25;;;;;5055;25;;;;;5051.5;31.8359375
1;3200;STARFRUIT;5049;29;;;;;5054;7;5056;29;;;5051.5;33.72265625
1;3200;AMETHYSTS;9996;1;9995;28;;;10004;1;10005;28;;;10000.0;69.0
1;3200;ORCHIDS;1099;6;1098;5;1091;46;1107;6;1108;5;1114;46;1103.0;0.0
1;3300;STARFRUIT;5050;2;5049;26;;;5056;28;;;;;5053.0;35.93212890625
1;3300;AMETHYSTS;9998;3;9996;2;9995;26;10004;2;10005;26;;;10001.0;75.0
1;3300;ORCHIDS;1098;6;1097;3;1091;44;1106;6;1107;3;1114;44;1102.0;0.0
1;3400;ORCHIDS;1098;6;1097;2;1091;50;1106;6;1107;2;1114;50;1102.0;0.0
1;3400;STARFRUIT;5053;3;5050;26;;;5056;1;5057;25;;;5054.5;36.1416015625
1;3400;AMETHYSTS;10000;2;9996;1;9995;25;10004;1;10005;25;;;10002.0;75.0
1;3500;AMETHYSTS;9996;2;9995;21;;;10004;2;10005;21;;;10000.0;75.0
1;3500;ORCHIDS;1098;6;1097;3;1090;41;1106;6;1107;3;1114;41;1102.0;0.0
1;3500;STARFRUIT;5050;2;5049;21;;;5054;1;5056;2;5057;21;5052.0;35.9775390625
1;3600;STARFRUIT;5053;3;5050;30;;;5057;30;;;;;5055.0;36.2099609375
1;3600;AMETHYSTS;10000;3;9995;30;;;10002;5;10005;30;;;10001.0;75.0
1;3600;ORCHIDS;1098;8;1097;5;1090;53;1106;8;1107;5;1113;53;1102.0;0.0
1;3700;STARFRUIT;5050;25;;;;;5052;5;5055;2;5057;25;5051.0;36.6572265625
1;3700;AMETHYSTS;9998;6;9996;1;9995;24;10004;1;10005;24;;;10001.0;83.0
1;3700;ORCHIDS;1097;5;1096;3;1090;45;1105;5;1106;3;1113;45;1101.0;0.0
1;3800;ORCHIDS;1098;10;1097;5;1091;50;1106;10;1107;5;1114;50;1102.0;0.0
1;3800;STARFRUIT;5051;30;;;;;5058;30;;;;;5054.5;49.44140625
1;3800;AMETHYSTS;9996;1;9995;29;;;10004;1;10005;29;;;10000.0;83.0
1;3900;AMETHYSTS;10002;4;9996;2;9995;26;10004;2;10005;26;;;10003.0;83.0
1;3900;ORCHIDS;1098;8;1097;3;1091;45;1106;8;1107;3;1114;45;1102.0;0.0
1;3900;STARFRUIT;5051;5;5050;28;;;5057;28;;;;;5054.0;44.98828125
1;4000;STARFRUIT;5051;32;;;;;5058;32;;;;;5054.5;48.57421875
1;4000;AMETHYSTS;9996;2;9995;30;;;10004;2;10005;30;;;10000.0;91.0
1;4000;ORCHIDS;1099;10;1098;4;1092;56;1107;10;1108;4;1115;56;1103.0;0.0
1;4100;STARFRUIT;5052;1;5051;25;;;5058;26;;;;;5055.0;52.103515625
1;4100;AMETHYSTS;9996;1;9995;25;;;10002;4;10004;1;10005;25;9999.0;91.0
1;4100;ORCHIDS;1099;8;1098;5;1092;44;1107;8;1108;5;1115;44;1103.0;0.0
1;4200;ORCHIDS;1099;6;1098;5;1091;52;1107;6;1108;5;1114;52;1103.0;0.0
1;4200;STARFRUIT;5051;28;;;;;5058;28;;;;;5054.5;49.34765625
1;4200;AMETHYSTS;9996;2;9995;26;;;9998;5;10004;2;10005;26;9997.0;91.0
1;4300;AMETHYSTS;9996;1;9995;24;;;10000;5;10004;1;10005;24;9998.0;101.0
1;4300;ORCHIDS;1100;9;1099;5;1092;51;1108;9;1109;5;1115;51;1104.0;0.0
1;4300;STARFRUIT;5053;1;5052;24;;;5055;5;5059;25;;;5054.0;58.07421875
1;4400;STARFRUIT;5052;22;;;;;5059;22;;;;;5055.5;58.37109375
1;4400;AMETHYSTS;9995;22;;;;;10005;22;;;;;10000.0;101.0
1;4400;ORCHIDS;1100;5;1099;5;1092;43;1108;5;1109;5;1116;43;1104.0;0.0
1;4500;STARFRUIT;5053;26;;;;;5060;26;;;;;5056.5;61.23828125
1;4500;AMETHYSTS;9995;26;;;;;10005;26;;;;;10000.0;101.0
1;4500;ORCHIDS;1100;7;1099;5;1093;44;1108;7;1109;5;1116;44;1104.0;0.0
1;4600;ORCHIDS;1100;9;1099;3;1093;42;1108;9;1109;3;1116;42;1104.0;0.0
1;4600;STARFRUIT;5058;1;5053;22;;;5060;22;;;;;5059.0;61.625
1;4600;AMETHYSTS;9996;1;9995;21;;;10004;1;10005;21;;;10000.0;101.0
1;4700;AMETHYSTS;9995;27;;;;;10005;27;;;;;10000.0;101.0
1;4700;ORCHIDS;1099;6;1098;3;1092;52;1107;6;1108;3;1115;52;1103.0;0.0
1;4700;STARFRUIT;5054;8;5053;27;;;5060;27;;;;;5057.0;60.640625
1;4800;STARFRUIT;5053;29;;;;;5060;29;;;;;5056.5;67.359375
1;4800;AMETHYSTS;9996;1;9995;28;;;10004;1;10005;28;;;10000.0;101.0
1;4800;ORCHIDS;1099;8;1098;2;1091;53;1107;8;1108;2;1115;53;1103.0;0.0
1;4900;STARFRUIT;5054;2;5053;27;;;5060;29;;;;;5057.0;72.4140625
1;4900;AMETHYSTS;9998;7;9996;2;9995;27;10004;2;10005;27;;;10001.0;101.0
1;4900;ORCHIDS;1098;5;1097;2;1090;47;1106;5;1107;2;1113;47;1102.0;0.0
1;5000;ORCHIDS;1097;8;1096;4;1090;53;1105;8;1106;4;1113;53;1101.0;0.0
1;5000;STARFRUIT;5054;6;5053;31;;;5060;31;;;;;5057.0;73.5859375
1;5000;AMETHYSTS;9996;2;9995;29;;;10004;2;10005;29;;;10000.0;107.0
1;5100;AMETHYSTS;9996;1;9995;24;;;10004;1;10005;24;;;10000.0;107.0
1;5100;ORCHIDS;1096;6;1095;2;1089;43;1104;6;1105;2;1112;43;1100.0;0.0
1;5100;STARFRUIT;5054;1;5053;25;;;5060;25;;;;;5057.0;73.0390625
1;5200;STARFRUIT;5053;30;;;;;5060;30;;;;;5056.5;68.734375
1;5200;AMETHYSTS;9998;6;9996;1;9995;29;10004;1;10005;29;;;10001.0;107.0
1;5200;ORCHIDS;1097;9;1096;2;1090;51;1105;9;1106;2;1113;51;1101.0;0.0
1;5300;STARFRUIT;5059;1;5054;22;;;5060;1;5061;21;;;5059.5;78.859375
1;5300;AMETHYSTS;9996;1;9995;21;;;10004;1;10005;21;;;10000.0;107.0
1;5300;ORCHIDS;1098;9;1097;5;1091;41;1106;9;1107;5;1114;41;1102.0;0.0
1;5400;AMETHYSTS;9998;9;9996;2;9995;20;10004;2;10005;20;;;10001.0;107.0
1;5400;ORCHIDS;1098;6;1097;5;1091;39;1106;6;1107;5;1114;39;1102.0;0.0
1;5400;STARFRUIT;5054;22;;;;;5055;5;5059;7;5061;22;5054.5;86.15625
1;5500;ORCHIDS;1097;10;1096;3;1089;56;1105;10;1106;3;1112;56;1101.0;0.0
1;5500;STARFRUIT;5054;29;;;;;5060;1;5061;28;;;5057.0;91.015625
1;5500;AMETHYSTS;9996;1;9995;28;;;10004;1;10005;28;;;10000.0;107.0
1;5600;STARFRUIT;5054;8;5053;21;;;5060;21;;;;;5057.0;85.0
1;5600;AMETHYSTS;9995;21;;;;;10002;6;10005;21;;;9998.5;107.0
1;5600;ORCHIDS;1098;5;1097;2;1090;43;1106;5;1107;2;1113;43;1102.0;0.0
1;5700;STARFRUIT;5055;7;5054;30;;;5060;1;5061;29;;;5057.5;92.625
1;5700;AMETHYSTS;9996;1;9995;29;;;10004;1;10005;29;;;10000.0;107.0
1;5700;ORCHIDS;1099;7;1098;5;1091;55;1107;7;1108;5;1114;55;1103.0;0.0
1;5800;ORCHIDS;1099;10;1098;4;1091;53;1107;10;1108;4;1115;53;1103.0;0.0
1;5800;AMETHYSTS;9996;2;9995;28;;;10002;5;10004;2;10005;28;9999.0;107.0
1;5800;STARFRUIT;5055;7;5054;30;;;5061;30;;;;;5058.0;119.134765625
1;5900;ORCHIDS;1098;9;1097;5;1090;52;1106;9;1107;5;1113;52;1102.0;0.0
1;5900;STARFRUIT;5058;4;5054;31;;;5061;31;;;;;5059.5;156.73828125
1;5900;AMETHYSTS;9996;2;9995;29;;;10004;2;10005;29;;;10000.0;107.0
1;6000;STARFRUIT;5054;2;5053;30;;;5060;32;;;;;5057.0;180.5546875
1;6000;ORCHIDS;1098;10;1096;4;1090;58;1105;10;1107;4;1113;58;1101.5;0.0
1;6000;AMETHYSTS;9998;7;9996;2;9995;30;10004;2;10005;30;;;10001.0;110.0
1;6100;STARFRUIT;5054;29;;;;;5055;5;5059;8;5061;29;5054.5;169.875
1;6100;AMETHYSTS;10002;11;9996;1;9995;28;10004;1;10005;28;;;10003.0;110.0
1;6100;ORCHIDS;1098;8;1097;5;1091;49;1106;8;1107;5;1114;49;1102.0;0.0
1;6200;ORCHIDS;1100;9;1099;2;1093;43;1108;9;1109;2;1116;43;1104.0;0.0
1;6200;AMETHYSTS;9996;1;9995;20;;;10004;1;10005;20;;;10000.0;132.0
1;6200;STARFRUIT;5054;21;;;;;5061;21;;;;;5057.5;177.390625
1;6300;ORCHIDS;1100;9;1099;2;1092;46;1108;9;1109;2;1116;46;1104.0;0.0
1;6300;STARFRUIT;5054;22;;;;;5062;22;;;;;5058.0;173.9453125
1;6300;AMETHYSTS;9995;22;;;;;10005;22;;;;;10000.0;132.0
1;6400;STARFRUIT;5059;3;5054;25;;;5061;25;;;;;5060.0;180.3046875
1;6400;ORCHIDS;1098;7;1097;4;1091;48;1106;7;1107;4;1114;48;1102.0;0.0
1;6400;AMETHYSTS;9996;2;9995;23;;;9998;1;10004;2;10005;23;9997.0;132.0
1;6500;STARFRUIT;5054;26;;;;;5061;26;;;;;5057.5;183.28125
1;6500;AMETHYSTS;9996;2;9995;24;;;10004;2;10005;24;;;10000.0;134.0
1;6500;ORCHIDS;1097;9;1096;4;1090;46;1105;9;1106;4;1113;46;1101.0;0.0
1;6600;ORCHIDS;1097;10;1096;4;1089;48;1105;10;1106;4;1113;48;1101.0;0.0
1;6600;AMETHYSTS;9998;6;9995;25;;;10005;25;;;;;10001.5;134.0
1;6600;STARFRUIT;5055;25;;;;;5062;25;;;;;5058.5;172.25
1;6700;ORCHIDS;1096;9;1095;2;1088;51;1104;9;1105;2;1111;51;1100.0;0.0
1;6700;STARFRUIT;5054;30;;;;;5061;30;;;;;5057.5;188.6640625
1;6700;AMETHYSTS;9996;1;9995;29;;;9998;5;10004;1;10005;29;9997.0;134.0
1;6800;STARFRUIT;5054;3;5053;30;;;5060;31;;;;;5057.0;197.4765625
1;6800;ORCHIDS;1094;5;1093;5;1087;50;1102;5;1103;5;1110;50;1098.0;0.0
1;6800;AMETHYSTS;9996;1;9995;30;;;10002;1;10004;1;10005;30;9999.0;144.0
1;6900;STARFRUIT;5053;24;;;;;5060;24;;;;;5056.5;203.2109375
1;6900;AMETHYSTS;9996;2;9995;22;;;10002;2;10004;2;10005;22;9999.0;144.0
1;6900;ORCHIDS;1095;5;1094;5;1088;41;1103;5;1104;5;1111;41;1099.0;0.0
1;7000;ORCHIDS;1095;10;1094;3;1087;48;1103;10;1104;3;1111;48;1099.0;0.0
1;7000;AMETHYSTS;9996;1;9995;22;;;10004;1;10005;22;;;10000.0;144.0
1;7000;STARFRUIT;5058;2;5055;1;5054;23;5061;23;;;;;5059.5;189.828125
1;7100;ORCHIDS;1095;6;1094;5;1087;49;1103;6;1104;5;1111;49;1099.0;0.0
1;7100;STARFRUIT;5054;27;;;;;5061;27;;;;;5057.5;182.0
1;7100;AMETHYSTS;9996;2;9995;25;;;10004;2;10005;25;;;10000.0;144.0
1;7200;STARFRUIT;5055;20;;;;;5062;20;;;;;5058.5;172.828125
1;7200;ORCHIDS;1096;8;1095;3;1089;38;1104;8;1105;3;1112;38;1100.0;0.0
1;7200;AMETHYSTS;9995;20;;;;;10005;20;;;;;10000.0;144.0
1;7300;STARFRUIT;5055;1;5054;21;;;5059;8;5061;22;;;5057.0;178.953125
1;7300;AMETHYSTS;9996;1;9995;21;;;10004;1;10005;21;;;10000.0;144.0
1;7300;ORCHIDS;1096;8;1095;3;1089;44;1104;8;1105;3;1112;44;1100.0;0.0
1;7400;ORCHIDS;1096;10;1095;3;1088;46;1104;10;1105;3;1111;46;1100.0;0.0
1;7400;AMETHYSTS;9996;2;9995;26;;;10004;2;10005;26;;;10000.0;144.0
1;7400;STARFRUIT;5055;27;;;;;5062;28;;;;;5058.5;169.890625
1;7500;STARFRUIT;5055;21;;;;;5062;21;;;;;5058.5;175.15625
1;7500;ORCHIDS;1098;8;1097;4;1090;40;1106;8;1107;4;1113;40;1102.0;0.0
1;7500;AMETHYSTS;9995;21;;;;;10005;21;;;;;10000.0;144.0
1;7600;AMETHYSTS;9998;2;9996;1;9995;30;10004;1;10005;30;;;10001.0;144.0
1;7600;ORCHIDS;1098;9;1097;5;1090;53;1106;9;1107;5;1113;53;1102.0;0.0
1;7600;STARFRUIT;5054;31;;;;;5061;31;;;;;5057.5;183.8671875
1;7700;AMETHYSTS;9995;25;;;;;9998;1;10002;3;10005;25;9996.5;144.0
1;7700;STARFRUIT;5054;25;;;;;5061;25;;;;;5057.5;184.3671875
1;7700;ORCHIDS;1097;7;1096;3;1089;44;1105;7;1106;3;1112;44;1101.0;0.0
1;7800;AMETHYSTS;9995;22;;;;;10002;1;10005;22;;;9998.5;146.0
1;7800;ORCHIDS;1094;8;1093;3;1087;41;1102;8;1103;3;1110;41;1098.0;0.0
1;7800;STARFRUIT;5060;1;5054;22;;;5061;22;;;;;5060.5;178.0
1;7900;STARFRUIT;5055;1;5054;23;;;5059;1;5061;24;;;5057.0;181.5546875
1;7900;ORCHIDS;1093;6;1092;2;1086;41;1101;6;1102;2;1109;41;1097.0;0.0
1;7900;AMETHYSTS;9996;1;9995;23;;;10004;1;10005;23;;;10000.0;146.0
1;8000;AMETHYSTS;9995;22;;;;;10002;8;10005;22;;;9998.5;173.0
1;8000;ORCHIDS;1099;2;1093;9;1092;2;1101;9;1102;2;1109;48;1100.0;0.0
1;8000;STARFRUIT;5054;22;;;;;5061;22;;;;;5057.5;190.3828125
1;8100;AMETHYSTS;9996;1;9995;30;;;10004;1;10005;30;;;10000.0;173.0
1;8100;STARFRUIT;5054;31;;;;;5061;31;;;;;5057.5;193.46875
1;8100;ORCHIDS;1093;6;1092;2;1085;47;1101;6;1102;2;1108;47;1097.0;2198.0
1;8200;AMETHYSTS;9995;24;;;;;10005;24;;;;;10000.0;173.0
1;8200;ORCHIDS;1092;5;1091;2;1084;43;1100;5;1101;2;1107;43;1096.0;2198.0
1;8200;STARFRUIT;5054;24;;;;;5059;7;5061;24;;;5056.5;192.8203125
1;8300;STARFRUIT;5055;9;5054;23;;;5061;24;;;;;5058.0;183.0078125
1;8300;ORCHIDS;1092;6;1091;4;1085;43;1100;6;1101;4;1108;43;1096.0;2198.0
1;8300;AMETHYSTS;9996;1;9995;23;;;10004;1;10005;23;;;10000.0;173.0
1;8400;AMETHYSTS;9996;1;9995;23;;;10004;1;10005;23;;;10000.0;173.0
1;8400;ORCHIDS;1093;9;1092;3;1086;46;1101;9;1102;3;1109;46;1097.0;2198.0
1;8400;STARFRUIT;5055;24;;;;;5061;1;5062;23;;;5058.0;178.078125
1;8500;AMETHYSTS;9995;21;;;;;10005;21;;;;;10000.0;173.0
1;8500;STARFRUIT;5054;21;;;;;5062;21;;;;;5058.0;179.3125
1;8500;ORCHIDS;1093;7;1092;2;1085;39;1101;7;1102;2;1108;39;1097.0;2198.0
1;8600;AMETHYSTS;9996;1;9995;24;;;10004;1;10005;24;;;10000.0;173.0
1;8600;ORCHIDS;1092;8;1091;4;1084;46;1100;8;1101;4;1107;46;1096.0;2198.0
1;8600;STARFRUIT;5055;1;5054;24;;;5061;25;;;;;5058.0;181.0234375
1;8700;STARFRUIT;5054;30;;;;;5061;30;;;;;5057.5;190.5703125
1;8700;ORCHIDS;1092;7;1090;2;1084;51;1099;7;1101;2;1107;51;1095.5;2198.0
1;8700;AMETHYSTS;9995;30;;;;;10005;30;;;;;10000.0;194.0
1;8800;AMETHYSTS;9998;1;9996;2;9995;22;10004;2;10005;22;;;10001.0;194.0
1;8800;ORCHIDS;1091;8;1090;3;1084;44;1099;8;1100;3;1107;44;1095.0;2198.0
1;8800;STARFRUIT;5054;2;5053;22;;;5060;2;5061;22;;;5057.0;198.5859375
1;8900;AMETHYSTS;9996;2;9995;27;;;10004;2;10005;27;;;10000.0;194.0
1;8900;STARFRUIT;5054;29;;;;;5061;29;;;;;5057.5;190.421875
1;8900;ORCHIDS;1090;9;1089;4;1083;48;1098;9;1099;4;1106;48;1094.0;2198.0
1;9000;AMETHYSTS;9995;20;;;;;10005;20;;;;;10000.0;194.0
1;9000;ORCHIDS;1091;7;1090;3;1083;47;1099;7;1100;3;1106;47;1095.0;2198.0
1;9000;STARFRUIT;5054;20;;;;;5059;2;5061;20;;;5056.5;181.8671875
1;9100;STARFRUIT;5055;26;;;;;5061;1;5062;25;;;5058.0;175.25
1;9100;ORCHIDS;1090;5;1089;3;1082;43;1094;9;1098;5;1099;3;1092.0;2198.0
1;9100;AMETHYSTS;9998;3;9996;1;9995;25;10004;1;10005;25;;;10001.0;194.0
1;9200;AMETHYSTS;9998;2;9995;21;;;10005;21;;;;;10001.5;194.0
1;9200;ORCHIDS;1087;9;1086;2;1080;47;1095;9;1096;2;1103;47;1091.0;109312.0
1;9200;STARFRUIT;5055;21;;;;;5060;6;5062;21;;;5057.5;175.78125
1;9300;AMETHYSTS;9996;2;9995;23;;;10004;2;10005;23;;;10000.0;194.0
1;9300;STARFRUIT;5061;1;5055;25;;;5062;25;;;;;5061.5;168.1328125
1;9300;ORCHIDS;1087;8;1086;4;1080;43;1095;8;1096;4;1103;43;1091.0;109312.0
1;9400;AMETHYSTS;9995;30;;;;;10005;30;;;;;10000.0;194.0
1;9400;ORCHIDS;1088;9;1087;3;1081;49;1096;9;1097;3;1104;49;1092.0;109312.0
1;9400;STARFRUIT;5055;30;;;;;5056;1;5062;30;;;5055.5;168.9609375
1;9500;STARFRUIT;5056;6;5055;28;;;5062;28;;;;;5059.0;175.078125
1;9500;ORCHIDS;1087;8;1086;4;1080;48;1095;8;1096;4;1103;48;1091.0;109312.0
1;9500;AMETHYSTS;9996;1;9995;27;;;10004;1;10005;27;;;10000.0;194.0
1;9600;AMETHYSTS;9998;6;9996;2;9995;30;10004;2;10005;30;;;10001.0;194.0
1;9600;ORCHIDS;1086;10;1085;3;1079;50;1094;10;1095;3;1102;50;1090.0;109312.0
1;9600;STARFRUIT;5061;1;5056;2;5055;30;5062;32;;;;;5061.5;169.0234375
1;9700;AMETHYSTS;9996;1;9995;26;;;10004;1;10005;26;;;10000.0;196.0
1;9700;STARFRUIT;5057;2;5056;27;;;5063;27;;;;;5060.0;161.015625
1;9700;ORCHIDS;1086;5;1085;3;1078;50;1094;5;1095;3;1101;50;1090.0;109312.0
1;9800;ORCHIDS;1086;10;1084;5;1078;49;1093;10;1095;5;1101;49;1089.5;109312.0
1;9800;STARFRUIT;5056;30;;;;;5061;2;5062;1;5063;29;5058.5;166.6875
1;9800;AMETHYSTS;9996;1;9995;29;;;9998;1;10002;8;10004;1;9997.0;217.0
1;9900;STARFRUIT;5056;2;5055;29;;;5058;5;5062;31;;;5057.0;171.453125
1;9900;ORCHIDS;1088;5;1085;5;1084;4;1093;5;1094;4;1100;54;1090.5;109312.0
1;9900;AMETHYSTS;9998;2;9996;2;9995;29;10000;6;10004;2;10005;29;9999.0;219.0
1;10000;ORCHIDS;1085;10;1084;5;1077;47;1093;10;1094;5;1101;47;1089.0;109312.0
1;10000;STARFRUIT;5056;7;5055;23;;;5062;23;;;;;5059.0;179.703125
1;10000;AMETHYSTS;9995;23;;;;;10002;1;10005;23;;;9998.5;219.0
1;10100;AMETHYSTS;9995;22;;;;;10005;22;;;;;10000.0;219.0
1;10100;STARFRUIT;5055;22;;;;;5062;22;;;;;5058.5;181.9140625
1;10100;ORCHIDS;1084;7;1083;4;1076;41;1092;7;1093;4;1099;41;1088.0;109312.0
1;10200;STARFRUIT;5055;25;;;;;5061;2;5062;23;;;5058.0;184.5390625
1;10200;AMETHYSTS;9996;2;9995;23;;;10002;1;10004;2;10005;23;9999.0;219.0
1;10200;ORCHIDS;1083;5;1082;4;1075;48;1091;5;1092;4;1098;48;1087.0;109312.0
1;10300;STARFRUIT;5055;21;;;;;5062;21;;;;;5058.5;182.546875
1;10300;ORCHIDS;1084;8;1083;3;1077;47;1092;8;1093;3;1100;47;1088.0;109312.0
1;10300;AMETHYSTS;9995;21;;;;;10005;21;;;;;10000.0;219.0
1;10400;ORCHIDS;1085;7;1083;4;1077;46;1092;7;1094;4;1100;46;1088.5;109312.0
1;10400;STARFRUIT;5055;21;;;;;5062;21;;;;;5058.5;182.6328125
1;10400;AMETHYSTS;9995;21;;;;;10005;21;;;;;10000.0;219.0
1;10500;ORCHIDS;1085;5;1083;5;1077;54;1092;5;1094;5;1100;54;1088.5;109312.0
1;10500;AMETHYSTS;9995;29;;;;;10002;1;10005;29;;;9998.5;219.0
1;10500;STARFRUIT;5056;7;5055;29;;;5062;29;;;;;5059.0;185.28125
1;10600;STARFRUIT;5058;4;5055;27;;;5060;6;5062;27;;;5059.0;184.9921875
1;10600;AMETHYSTS;10000;4;9996;1;9995;26;10002;4;10004;1;10005;26;10001.0;227.0
1;10600;ORCHIDS;1086;8;1085;5;1078;53;1094;8;1095;5;1101;53;1090.0;109312.0
1;10700;STARFRUIT;5056;1;5055;22;;;5062;22;;;;;5059.0;167.03125
1;10700;ORCHIDS;1085;8;1084;4;1077;41;1093;8;1094;4;1100;41;1089.0;109312.0
1;10700;AMETHYSTS;9996;1;9995;21;;;10004;1;10005;21;;;10000.0;227.0
1;10800;ORCHIDS;1084;6;1083;4;1077;47;1092;6;1093;4;1100;47;1088.0;109312.0
1;10800;STARFRUIT;5061;1;5057;8;5056;25;5062;2;5063;23;;;5061.5;173.12109375
1;10800;AMETHYSTS;9996;2;9995;23;;;10004;2;10005;23;;;10000.0;227.0
1;10900;ORCHIDS;1085;10;1084;4;1077;52;1093;10;1094;4;1100;52;1089.0;109312.0
1;10900;AMETHYSTS;9998;10;9996;2;9995;30;10004;2;10005;30;;;10001.0;227.0
1;10900;STARFRUIT;5055;32;;;;;5062;32;;;;;5058.5;170.984375
1;11000;STARFRUIT;5055;25;;;;;5061;1;5062;24;;;5058.0;164.875
1;11000;AMETHYSTS;9996;1;9995;24;;;10004;1;10005;24;;;10000.0;227.0
1;11000;ORCHIDS;1085;8;1084;4;1077;42;1093;8;1094;4;1100;42;1089.0;109312.0
1;11100;STARFRUIT;5055;27;;;;;5060;8;5061;2;5062;25;5057.5;164.50390625
1;11100;ORCHIDS;1083;10;1082;4;1076;49;1091;10;1092;4;1099;49;1087.0;109312.0
1;11100;AMETHYSTS;9996;2;9995;25;;;10004;2;10005;25;;;10000.0;227.0
1;11200;ORCHIDS;1083;10;1082;5;1076;56;1091;10;1092;5;1099;56;1087.0;109312.0
1;11200;STARFRUIT;5055;27;;;;;5062;27;;;;;5058.5;169.328125
1;11200;AMETHYSTS;9996;1;9995;26;;;10004;1;10005;26;;;10000.0;227.0
1;11300;ORCHIDS;1082;10;1081;2;1075;52;1090;10;1091;2;1098;52;1086.0;109312.0
1;11300;AMETHYSTS;9995;29;;;;;9998;1;10005;29;;;9996.5;227.0
1;11300;STARFRUIT;5054;29;;;;;5061;29;;;;;5057.5;162.3828125
1;11400;STARFRUIT;5055;6;5054;22;;;5061;22;;;;;5058.0;162.0390625
1;11400;AMETHYSTS;10002;1;9995;22;;;10005;22;;;;;10003.5;229.0
1;11400;ORCHIDS;1082;5;1081;3;1074;39;1090;5;1091;3;1097;39;1086.0;109312.0
1;11500;STARFRUIT;5055;6;5054;27;;;5061;27;;;;;5058.0;162.41796875
1;11500;ORCHIDS;1082;10;1081;4;1074;53;1090;10;1091;4;1097;53;1086.0;109312.0
1;11500;AMETHYSTS;9995;27;;;;;10005;27;;;;;10000.0;231.0
1;11600;ORCHIDS;1081;6;1080;5;1074;53;1089;6;1090;5;1097;53;1085.0;109312.0
1;11600;STARFRUIT;5055;31;;;;;5061;1;5062;30;;;5058.0;165.3359375
1;11600;AMETHYSTS;9998;6;9996;1;9995;30;10004;1;10005;30;;;10001.0;231.0
1;11700;ORCHIDS;1082;7;1080;3;1074;44;1089;7;1091;3;1097;44;1085.5;109312.0
1;11700;AMETHYSTS;9996;1;9995;22;;;10000;2;10004;1;10005;22;9998.0;231.0
1;11700;STARFRUIT;5054;23;;;;;5057;3;5061;23;;;5055.5;158.60546875
1;11800;STARFRUIT;5055;2;5054;25;;;5061;27;;;;;5058.0;137.9453125
1;11800;AMETHYSTS;9996;2;9995;25;;;10004;2;10005;25;;;10000.0;231.0
1;11800;ORCHIDS;1082;7;1080;2;1074;43;1089;7;1091;2;1097;43;1085.5;109312.0
1;11900;STARFRUIT;5059;8;5054;21;;;5061;21;;;;;5060.0;145.6640625
1;11900;ORCHIDS;1082;10;1081;2;1075;42;1090;10;1091;2;1098;42;1086.0;109312.0
1;11900;AMETHYSTS;9996;1;9995;20;;;10004;1;10005;20;;;10000.0;231.0
1;12000;ORCHIDS;1081;5;1080;2;1073;38;1089;5;1090;2;1096;38;1085.0;109312.0
1;12000;STARFRUIT;5054;24;;;;;5060;2;5061;22;;;5057.0;159.046875
1;12000;AMETHYSTS;9996;2;9995;22;;;9998;1;10004;2;10005;22;9997.0;231.0
1;12100;AMETHYSTS;9995;24;;;;;9998;2;10005;24;;;9996.5;233.0
1;12100;ORCHIDS;1082;8;1081;3;1074;43;1086;5;1090;8;1091;3;1084.0;109312.0
1;12100;STARFRUIT;5053;24;;;;;5059;8;5061;24;;;5056.0;159.65625
1;12200;STARFRUIT;5055;7;5054;25;;;5061;25;;;;;5058.0;153.7890625
1;12200;AMETHYSTS;9996;1;9995;24;;;10002;3;10004;1;10005;24;9999.0;238.0
1;12200;ORCHIDS;1082;7;1081;2;1075;43;1090;7;1091;2;1098;43;1086.0;109312.0
1;12300;STARFRUIT;5054;21;;;;;5056;3;5061;21;;;5055.0;147.8828125
1;12300;AMETHYSTS;9996;1;9995;20;;;10004;1;10005;20;;;10000.0;238.0
1;12300;ORCHIDS;1083;5;1082;3;1076;36;1091;5;1092;3;1099;36;1087.0;109312.0
1;12400;ORCHIDS;1083;10;1082;4;1076;58;1091;10;1092;4;1099;58;1087.0;109312.0
1;12400;STARFRUIT;5054;28;;;;;5060;1;5061;28;;;5057.0;159.96875
1;12400;AMETHYSTS;9996;1;9995;28;;;10004;1;10005;28;;;10000.0;238.0
1;12500;AMETHYSTS;9996;2;9995;22;;;10004;2;10005;22;;;10000.0;238.0
1;12500;ORCHIDS;1083;5;1082;5;1075;45;1091;5;1092;5;1098;45;1087.0;109312.0
1;12500;STARFRUIT;5054;2;5053;22;;;5060;2;5061;22;;;5057.0;163.0859375
1;12600;STARFRUIT;5054;2;5053;30;;;5060;30;;;;;5057.0;171.828125
1;12600;AMETHYSTS;9996;2;9995;28;;;10004;2;10005;28;;;10000.0;238.0
1;12600;ORCHIDS;1083;5;1082;3;1075;43;1091;5;1092;3;1098;43;1087.0;109312.0
1;12700;STARFRUIT;5054;1;5053;23;;;5060;24;;;;;5057.0;166.34375
1;12700;AMETHYSTS;9996;1;9995;23;;;9998;3;10004;1;10005;23;9997.0;238.0
1;12700;ORCHIDS;1084;8;1083;4;1076;45;1088;7;1092;8;1093;4;1086.0;109312.0
1;12800;ORCHIDS;1084;9;1083;2;1076;51;1092;9;1093;2;1099;51;1088.0;109312.0
1;12800;STARFRUIT;5054;24;;;;;5059;1;5060;1;5061;23;5056.5;160.84375
1;12800;AMETHYSTS;9998;4;9996;1;9995;23;10004;1;10005;23;;;10001.0;244.0
1;12900;AMETHYSTS;9995;29;;;;;10005;29;;;;;10000.0;244.0
1;12900;ORCHIDS;1083;8;1082;5;1075;57;1091;8;1092;5;1098;57;1087.0;109312.0
1;12900;STARFRUIT;5059;1;5054;29;;;5061;29;;;;;5060.0;157.921875
1;13000;STARFRUIT;5054;26;;;;;5061;26;;;;;5057.5;157.5703125
1;13000;AMETHYSTS;9996;1;9995;25;;;9998;1;10004;1;10005;25;9997.0;244.0
1;13000;ORCHIDS;1084;7;1083;4;1076;50;1092;7;1093;4;1099;50;1088.0;109312.0
1;13100;STARFRUIT;5054;25;;;;;5060;1;5061;24;;;5057.0;166.671875
1;13100;AMETHYSTS;10002;3;9996;1;9995;24;10004;1;10005;24;;;10003.0;246.0
1;13100;ORCHIDS;1083;5;1082;5;1076;43;1091;5;1092;5;1099;43;1087.0;109312.0
1;13200;ORCHIDS;1083;6;1082;2;1076;43;1091;6;1092;2;1099;43;1087.0;109312.0
1;13200;STARFRUIT;5054;21;;;;;5060;1;5061;20;;;5057.0;169.3984375
1;13200;AMETHYSTS;9996;1;9995;20;;;10004;1;10005;20;;;10000.0;252.0
1;13300;AMETHYSTS;9996;1;9995;29;;;10004;1;10005;29;;;10000.0;252.0
1;13300;ORCHIDS;1085;9;1084;2;1077;58;1093;9;1094;2;1100;58;1089.0;109312.0
1;13300;STARFRUIT;5054;1;5053;29;;;5060;1;5061;29;;;5057.0;170.625
1;13400;STARFRUIT;5053;31;;;;;5060;31;;;;;5056.5;176.7109375
1;13400;AMETHYSTS;9996;2;9995;29;;;10004;2;10005;29;;;10000.0;252.0
1;13400;ORCHIDS;1084;7;1083;5;1077;54;1092;7;1093;5;1100;54;1088.0;109312.0
1;13500;STARFRUIT;5053;23;;;;;5058;1;5060;23;;;5055.5;186.453125
1;13500;AMETHYSTS;9996;2;9995;21;;;10004;2;10005;21;;;10000.0;252.0
1;13500;ORCHIDS;1083;6;1082;2;1075;46;1091;6;1092;2;1098;46;1087.0;109312.0
1;13600;ORCHIDS;1084;7;1083;3;1076;50;1092;7;1093;3;1099;50;1088.0;109312.0
1;13600;STARFRUIT;5055;3;5052;30;;;5059;30;;;;;5057.0;199.0625
1;13600;AMETHYSTS;10002;1;10000;3;9998;7;10005;30;;;;;10003.5;252.0
1;13700;AMETHYSTS;9996;1;9995;29;;;10002;9;10004;1;10005;29;9999.0;254.0
1;13700;ORCHIDS;1084;8;1083;4;1077;57;1092;8;1093;4;1100;57;1088.0;109312.0
1;13700;STARFRUIT;5053;1;5052;29;;;5057;2;5059;30;;;5055.0;193.25
1;13800;STARFRUIT;5052;26;;;;;5059;26;;;;;5055.5;192.984375
1;13800;AMETHYSTS;9995;26;;;;;10002;1;10005;26;;;9998.5;254.0
1;13800;ORCHIDS;1085;6;1084;4;1077;47;1093;6;1094;4;1100;47;1089.0;109312.0
1;13900;STARFRUIT;5053;20;;;;;5058;3;5059;1;5060;20;5055.5;186.6640625
1;13900;AMETHYSTS;9996;1;9995;20;;;10002;5;10004;1;10005;20;9999.0;254.0
1;13900;ORCHIDS;1085;6;1084;5;1077;46;1093;6;1094;5;1101;46;1089.0;109312.0
1;14000;ORCHIDS;1087;7;1086;2;1080;50;1095;7;1096;2;1103;50;1091.0;109312.0
1;14000;STARFRUIT;5053;29;;;;;5059;1;5060;28;;;5056.0;189.3984375
1;14000;AMETHYSTS;9996;1;9995;28;;;10004;1;10005;28;;;10000.0;254.0
1;14100;AMETHYSTS;9996;1;9995;27;;;10004;1;10005;27;;;10000.0;254.0
1;14100;ORCHIDS;1087;10;1086;2;1080;50;1095;10;1096;2;1103;50;1091.0;109312.0
1;14100;STARFRUIT;5057;4;5053;28;;;5060;28;;;;;5058.5;218.931640625
1;14200;STARFRUIT;5053;27;;;;;5060;27;;;;;5056.5;207.1484375
1;14200;AMETHYSTS;9996;1;9995;26;;;10004;1;10005;26;;;10000.0;254.0
1;14200;ORCHIDS;1086;9;1085;4;1078;50;1094;9;1095;4;1101;50;1090.0;109312.0
1;14300;STARFRUIT;5054;32;;;;;5061;32;;;;;5057.5;224.296875
1;14300;AMETHYSTS;9996;2;9995;30;;;10004;2;10005;30;;;10000.0;254.0
1;14300;ORCHIDS;1086;6;1085;4;1078;48;1094;6;1095;4;1101;48;1090.0;109312.0
1;14400;AMETHYSTS;10002;1;9996;1;9995;26;10004;1;10005;26;;;10003.0;254.0
1;14400;ORCHIDS;1086;5;1085;5;1078;49;1094;5;1095;5;1102;49;1090.0;109312.0
1;14400;STARFRUIT;5055;6;5054;26;;;5061;27;;;;;5058.0;230.6484375
1;14500;ORCHIDS;1087;10;1086;5;1079;44;1095;10;1096;5;1102;44;1091.0;109312.0
1;14500;STARFRUIT;5055;1;5054;20;;;5056;5;5061;21;;;5055.5;231.1328125
1;14500;AMETHYSTS;9996;1;9995;20;;;9998;9;10002;2;10004;1;9997.0;256.0
1;14600;STARFRUIT;5055;23;;;;;5060;5;5062;23;;;5057.5;252.3046875
1;14600;AMETHYSTS;9996;1;9995;22;;;10002;4;10004;1;10005;22;9999.0;274.0
1;14600;ORCHIDS;1088;7;1087;2;1080;41;1096;7;1097;2;1103;41;1092.0;109312.0
1;14700;STARFRUIT;5060;1;5057;2;5055;2;5061;26;;;;;5060.5;238.828125
1;14700;AMETHYSTS;10000;2;9995;26;;;10005;26;;;;;10002.5;274.0
1;14700;ORCHIDS;1088;9;1087;4;1080;48;1096;9;1097;4;1103;48;1092.0;109312.0
1;14800;ORCHIDS;1088;6;1087;3;1080;44;1096;6;1097;3;1103;44;1092.0;109312.0
1;14800;AMETHYSTS;9996;1;9995;23;;;10004;1;10005;23;;;10000.0;274.0
1;14800;STARFRUIT;5054;24;;;;;5061;24;;;;;5057.5;232.0
1;14900;ORCHIDS;1092;8;1089;7;1088;5;1097;7;1098;5;1104;47;1094.5;109312.0
1;14900;STARFRUIT;5055;21;;;;;5060;7;5061;1;5062;20;5057.5;243.640625
1;14900;AMETHYSTS;9996;1;9995;20;;;10004;1;10005;20;;;10000.0;274.0
1;15000;STARFRUIT;5060;1;5055;25;;;5062;25;;;;;5061.0;243.8984375
1;15000;ORCHIDS;1088;9;1087;4;1081;51;1096;9;1097;4;1104;51;1092.0;109312.0
1;15000;AMETHYSTS;9998;1;9995;25;;;10005;25;;;;;10001.5;274.0
1;15100;STARFRUIT;5054;26;;;;;5061;26;;;;;5057.5;236.109375
1;15100;AMETHYSTS;9998;10;9995;26;;;10005;26;;;;;10001.5;274.0
1;15100;ORCHIDS;1088;10;1087;2;1081;52;1096;10;1097;2;1104;52;1092.0;109312.0
1;15200;ORCHIDS;1087;6;1086;3;1080;45;1095;6;1096;3;1103;45;1091.0;109312.0
1;15200;AMETHYSTS;9995;25;;;;;10002;10;10005;25;;;9998.5;274.0
1;15200;STARFRUIT;5055;2;5054;25;;;5056;3;5061;25;;;5055.5;236.2109375
1;15300;ORCHIDS;1087;5;1086;4;1080;46;1095;5;1096;4;1103;46;1091.0;109312.0
1;15300;STARFRUIT;5055;3;5054;24;;;5061;26;;;;;5058.0;242.296875
1;15300;AMETHYSTS;9996;2;9995;24;;;10004;2;10005;24;;;10000.0;274.0
1;15400;STARFRUIT;5054;24;;;;;5059;1;5061;24;;;5056.5;237.4375
1;15400;ORCHIDS;1087;10;1086;3;1079;52;1095;10;1096;3;1102;52;1091.0;109312.0
1;15400;AMETHYSTS;9996;1;9995;23;;;10004;1;10005;23;;;10000.0;274.0
1;15500;STARFRUIT;5056;2;5055;24;;;5062;24;;;;;5059.0;253.421875
1;15500;AMETHYSTS;10002;1;9998;1;9996;2;10004;2;10005;22;;;10003.0;274.0
1;15500;ORCHIDS;1094;4;1088;8;1087;4;1096;8;1097;4;1104;45;1095.0;109312.0
1;15600;ORCHIDS;1088;6;1087;4;1080;47;1096;6;1097;4;1103;47;1092.0;109312.0
1;15600;AMETHYSTS;9996;2;9995;23;;;10002;6;10004;2;10005;23;9999.0;277.0
1;15600;STARFRUIT;5055;25;;;;;5062;25;;;;;5058.5;257.453125
1;15700;ORCHIDS;1087;5;1086;3;1080;35;1095;5;1096;3;1103;35;1091.0;109312.0
1;15700;STARFRUIT;5056;1;5055;20;;;5062;1;5063;20;;;5059.0;265.59375
1;15700;AMETHYSTS;9998;8;9996;1;9995;20;10004;1;10005;20;;;10001.0;277.0
1;15800;STARFRUIT;5057;6;5056;25;;;5062;2;5063;23;;;5059.5;268.9921875
1;15800;ORCHIDS;1087;8;1086;4;1080;49;1095;8;1096;4;1103;49;1091.0;109312.0
1;15800;AMETHYSTS;9996;2;9995;23;;;10004;2;10005;23;;;10000.0;277.0
1;15900;STARFRUIT;5056;8;5055;31;;;5062;31;;;;;5059.0;255.890625
1;15900;AMETHYSTS;9996;1;9995;30;;;10004;1;10005;30;;;10000.0;277.0
1;15900;ORCHIDS;1086;5;1085;2;1079;47;1089;5;1094;5;1095;2;1087.5;109312.0
1;16000;ORCHIDS;1087;6;1086;5;1080;45;1095;6;1096;5;1103;45;1091.0;109312.0
1;16000;AMETHYSTS;9995;23;;;;;10005;23;;;;;10000.0;277.0
1;16000;STARFRUIT;5055;23;;;;;5061;1;5063;23;;;5058.0;264.9609375
1;16100;ORCHIDS;1087;8;1086;2;1080;44;1095;8;1096;2;1103;44;1091.0;109312.0
1;16100;STARFRUIT;5057;3;5056;2;5055;25;5062;2;5063;25;;;5059.5;265.6953125
1;16100;AMETHYSTS;9996;2;9995;25;;;10004;2;10005;25;;;10000.0;277.0
1;16200;STARFRUIT;5056;23;;;;;5063;23;;;;;5059.5;270.0
1;16200;ORCHIDS;1087;6;1086;2;1079;37;1095;6;1096;2;1103;37;1091.0;109312.0
1;16200;AMETHYSTS;9998;6;9996;2;9995;21;10004;2;10005;21;;;10001.0;280.0
1;16300;STARFRUIT;5056;24;;;;;5061;3;5062;2;5063;22;5058.5;268.71875
1;16300;AMETHYSTS;9996;2;9995;22;;;10004;2;10005;22;;;10000.0;280.0
1;16300;ORCHIDS;1086;8;1085;2;1078;49;1094;8;1095;2;1101;49;1090.0;109312.0
1;16400;AMETHYSTS;9996;1;9995;26;;;10004;1;10005;26;;;10000.0;280.0
1;16400;ORCHIDS;1086;7;1084;5;1078;52;1093;7;1095;5;1101;52;1089.5;109312.0
1;16400;STARFRUIT;5056;27;;;;;5063;27;;;;;5059.5;270.671875
1;16500;STARFRUIT;5055;23;;;;;5062;23;;;;;5058.5;288.41796875
1;16500;ORCHIDS;1088;8;1085;10;1084;4;1093;10;1094;4;1100;47;1090.5;109312.0
1;16500;AMETHYSTS;9996;1;9995;22;;;10004;1;10005;22;;;10000.0;280.0
1;16600;AMETHYSTS;10002;3;9996;2;9995;27;10004;2;10005;27;;;10003.0;280.0
1;16600;ORCHIDS;1084;8;1083;2;1076;45;1086;3;1092;8;1093;2;1085.0;109312.0
1;16600;STARFRUIT;5055;29;;;;;5062;29;;;;;5058.5;288.7109375
1;16700;AMETHYSTS;9996;2;9995;30;;;10004;2;10005;30;;;10000.0;286.0
1;16700;STARFRUIT;5055;32;;;;;5062;32;;;;;5058.5;287.37109375
1;16700;ORCHIDS;1085;5;1084;5;1077;48;1093;5;1094;5;1100;48;1089.0;109312.0
1;16800;AMETHYSTS;9996;2;9995;26;;;10002;9;10004;2;10005;26;9999.0;292.0
1;16800;ORCHIDS;1085;9;1083;4;1077;46;1092;9;1094;4;1100;46;1088.5;109312.0
1;16800;STARFRUIT;5055;28;;;;;5060;2;5062;28;;;5057.5;291.16015625
1;16900;STARFRUIT;5055;23;;;;;5062;23;;;;;5058.5;287.76953125
1;16900;ORCHIDS;1084;8;1083;4;1076;50;1092;8;1093;4;1099;50;1088.0;109312.0
1;16900;AMETHYSTS;10002;1;9995;23;;;10005;23;;;;;10003.5;292.0
1;17000;AMETHYSTS;10002;5;9998;5;9996;1;10004;1;10005;27;;;10003.0;294.0
1;17000;ORCHIDS;1085;6;1084;4;1078;46;1093;6;1094;4;1101;46;1089.0;109312.0
1;17000;STARFRUIT;5054;28;;;;;5061;28;;;;;5057.5;284.375
1;17100;AMETHYSTS;9996;2;9995;25;;;10004;2;10005;25;;;10000.0;304.0
1;17100;STARFRUIT;5055;10;5054;25;;;5061;27;;;;;5058.0;285.1171875
1;17100;ORCHIDS;1086;6;1085;4;1078;50;1094;6;1095;4;1101;50;1090.0;109312.0
1;17200;AMETHYSTS;10002;1;9996;2;9995;24;10004;2;10005;24;;;10003.0;304.0
1;17200;ORCHIDS;1086;9;1085;3;1078;52;1094;9;1095;3;1101;52;1090.0;109312.0
1;17200;STARFRUIT;5055;8;5054;26;;;5061;26;;;;;5058.0;282.0703125
1;17300;STARFRUIT;5054;29;;;;;5059;2;5061;29;;;5056.5;280.98828125
1;17300;ORCHIDS;1083;6;1082;3;1075;48;1091;6;1092;3;1098;48;1087.0;109312.0
1;17300;AMETHYSTS;9998;7;9995;29;;;10005;29;;;;;10001.5;306.0
1;17400;AMETHYSTS;9995;21;;;;;10002;10;10005;21;;;9998.5;306.0
1;17400;ORCHIDS;1083;9;1082;4;1075;41;1091;9;1092;4;1098;41;1087.0;109312.0
1;17400;STARFRUIT;5054;21;;;;;5061;21;;;;;5057.5;278.953125
1;17500;AMETHYSTS;9996;1;9995;27;;;10004;1;10005;27;;;10000.0;306.0
1;17500;STARFRUIT;5054;28;;;;;5061;28;;;;;5057.5;280.3984375
1;17500;ORCHIDS;1082;9;1081;2;1075;51;1090;9;1091;2;1098;51;1086.0;109312.0
1;17600;AMETHYSTS;9996;1;9995;25;;;10002;3;10004;1;10005;25;9999.0;306.0
1;17600;ORCHIDS;1082;8;1081;5;1075;48;1090;8;1091;5;1098;48;1086.0;109312.0
1;17600;STARFRUIT;5054;1;5053;25;;;5060;26;;;;;5057.0;276.95703125
1;17700;STARFRUIT;5053;26;;;;;5060;26;;;;;5056.5;274.26953125
1;17700;ORCHIDS;1082;10;1081;2;1075;48;1090;10;1091;2;1098;48;1086.0;109312.0
1;17700;AMETHYSTS;9998;4;9996;2;9995;24;10004;2;10005;24;;;10001.0;306.0
1;17800;AMETHYSTS;9995;23;;;;;10002;6;10005;23;;;9998.5;306.0
1;17800;ORCHIDS;1083;10;1081;4;1075;46;1090;10;1092;4;1098;46;1086.5;109312.0
1;17800;STARFRUIT;5052;23;;;;;5059;23;;;;;5055.5;268.4453125
1;17900;AMETHYSTS;9995;22;;;;;10005;22;;;;;10000.0;306.0
1;17900;STARFRUIT;5058;1;5053;4;5052;22;5059;22;;;;;5058.5;265.54296875
1;17900;ORCHIDS;1082;7;1081;4;1074;47;1090;7;1091;4;1097;47;1086.0;109312.0
1;18000;AMETHYSTS;9998;10;9996;2;9995;23;10004;2;10005;23;;;10001.0;306.0
1;18000;ORCHIDS;1082;6;1081;3;1075;39;1090;6;1091;3;1098;39;1086.0;109312.0
1;18000;STARFRUIT;5058;1;5053;2;5052;25;5059;25;;;;;5058.5;267.87890625
1;18100;STARFRUIT;5055;6;5052;31;;;5059;31;;;;;5057.0;270.7890625
1;18100;ORCHIDS;1082;5;1081;5;1075;55;1090;5;1091;5;1098;55;1086.0;109312.0
1;18100;AMETHYSTS;10000;6;9996;1;9995;30;10004;1;10005;30;;;10002.0;308.0
1;18200;AMETHYSTS;9998;10;9995;28;;;10005;28;;;;;10001.5;308.0
1;18200;ORCHIDS;1081;6;1080;5;1074;49;1089;6;1090;5;1097;49;1085.0;109312.0
1;18200;STARFRUIT;5051;28;;;;;5059;28;;;;;5055.0;261.1875
1;18300;AMETHYSTS;9998;9;9996;2;9995;28;10004;2;10005;28;;;10001.0;308.0
1;18300;STARFRUIT;5052;2;5051;28;;;5058;30;;;;;5055.0;259.0390625
1;18300;ORCHIDS;1083;7;1082;2;1075;55;1091;7;1092;2;1098;55;1087.0;109312.0
1;18400;AMETHYSTS;9995;22;;;;;10005;22;;;;;10000.0;308.0
1;18400;ORCHIDS;1083;9;1081;3;1075;50;1090;9;1092;3;1098;50;1086.5;109312.0
1;18400;STARFRUIT;5052;22;;;;;5059;22;;;;;5055.5;269.671875
1;18500;STARFRUIT;5053;7;5052;25;;;5059;26;;;;;5056.0;273.6953125
1;18500;ORCHIDS;1083;7;1082;5;1076;46;1091;7;1092;5;1099;46;1087.0;109312.0
1;18500;AMETHYSTS;9996;1;9995;25;;;10004;1;10005;25;;;10000.0;308.0
1;18600;AMETHYSTS;9996;2;9995;25;;;10004;2;10005;25;;;10000.0;308.0
1;18600;ORCHIDS;1084;5;1083;4;1077;48;1092;5;1093;4;1100;48;1088.0;109312.0
1;18600;STARFRUIT;5053;1;5052;25;;;5057;4;5059;27;;;5055.0;272.375
1;18700;AMETHYSTS;9998;7;9995;20;;;10005;20;;;;;10001.5;308.0
1;18700;STARFRUIT;5058;1;5052;20;;;5059;20;;;;;5058.5;269.0625
1;18700;ORCHIDS;1083;7;1082;3;1076;38;1091;7;1092;3;1099;38;1087.0;109312.0
1;18800;ORCHIDS;1085;9;1084;4;1077;53;1093;9;1094;4;1100;53;1089.0;109312.0
1;18800;STARFRUIT;5057;10;5052;31;;;5059;31;;;;;5058.0;269.84375
1;18800;AMETHYSTS;9996;2;9995;29;;;10004;2;10005;29;;;10000.0;308.0
1;18900;STARFRUIT;5057;1;5052;31;;;5058;1;5059;30;;;5057.5;284.302734375
1;18900;ORCHIDS;1085;9;1084;3;1077;57;1093;9;1094;3;1101;57;1089.0;109312.0
1;18900;AMETHYSTS;9996;1;9995;30;;;10004;1;10005;30;;;10000.0;308.0
1;19000;ORCHIDS;1083;9;1082;2;1075;54;1091;9;1092;2;1098;54;1087.0;109312.0
1;19000;STARFRUIT;5052;28;;;;;5057;4;5058;1;5059;27;5054.5;286.275390625
1;19000;AMETHYSTS;9996;1;9995;27;;;10004;1;10005;27;;;10000.0;335.0
1;19100;ORCHIDS;1082;8;1081;2;1075;54;1090;8;1091;2;1098;54;1086.0;109312.0
1;19100;AMETHYSTS;9996;1;9995;29;;;10004;1;10005;29;;;10000.0;335.0
1;19100;STARFRUIT;5052;30;;;;;5054;2;5059;30;;;5053.0;287.38671875
1;19200;STARFRUIT;5052;24;;;;;5057;5;5059;24;;;5054.5;289.771484375
1;19200;AMETHYSTS;9996;1;9995;23;;;10002;5;10004;1;10005;23;9999.0;335.0
1;19200;ORCHIDS;1082;10;1081;4;1075;49;1090;10;1091;4;1098;49;1086.0;109312.0
1;19300;STARFRUIT;5052;24;;;;;5059;24;;;;;5055.5;290.3828125
1;19300;ORCHIDS;1084;10;1083;2;1077;52;1092;10;1093;2;1100;52;1088.0;109312.0
1;19300;AMETHYSTS;9998;4;9996;2;9995;22;10004;2;10005;22;;;10001.0;336.0
1;19400;ORCHIDS;1083;7;1082;2;1076;51;1091;7;1092;2;1099;51;1087.0;109312.0
1;19400;STARFRUIT;5053;23;;;;;5058;6;5060;24;;;5055.5;311.03515625
1;19400;AMETHYSTS;9995;24;;;;;10005;24;;;;;10000.0;336.0
1;19500;ORCHIDS;1083;10;1082;2;1075;47;1091;10;1092;2;1098;47;1087.0;109312.0
1;19500;AMETHYSTS;9998;8;9996;1;9995;23;10004;1;10005;23;;;10001.0;336.0
1;19500;STARFRUIT;5053;24;;;;;5060;24;;;;;5056.5;310.328125
1;19600;STARFRUIT;5053;28;;;;;5060;28;;;;;5056.5;313.7578125
1;19600;AMETHYSTS;9996;2;9995;26;;;10004;2;10005;26;;;10000.0;338.0
1;19600;ORCHIDS;1083;7;1082;4;1076;50;1091;7;1092;4;1099;50;1087.0;109312.0
1;19700;STARFRUIT;5054;26;;;;;5059;7;5061;27;;;5056.5;309.818359375
1;19700;ORCHIDS;1084;9;1083;2;1077;51;1092;9;1093;2;1100;51;1088.0;109312.0
1;19700;AMETHYSTS;9996;2;9995;25;;;10004;2;10005;25;;;10000.0;338.0
1;19800;ORCHIDS;1085;5;1084;2;1078;50;1093;5;1094;2;1101;50;1089.0;109312.0
1;19800;STARFRUIT;5054;29;;;;;5061;29;;;;;5057.5;344.55078125
1;19800;AMETHYSTS;9998;6;9995;29;;;10005;29;;;;;10001.5;338.0
1;19900;ORCHIDS;1087;5;1086;4;1080;49;1095;5;1096;4;1103;49;1091.0;109312.0
1;19900;AMETHYSTS;9996;2;9995;26;;;10004;2;10005;26;;;10000.0;338.0
1;19900;STARFRUIT;5054;2;5053;26;;;5060;2;5061;26;;;5057.0;341.0
1;20000;STARFRUIT;5054;2;5053;21;;;5059;3;5060;2;5061;21;5056.5;340.99609375
1;20000;AMETHYSTS;9996;2;9995;21;;;10004;2;10005;21;;;10000.0;365.0
1;20000;ORCHIDS;1087;6;1086;4;1080;43;1095;6;1096;4;1103;43;1091.0;109312.0
1;20100;STARFRUIT;5055;3;5054;32;;;5061;32;;;;;5058.0;346.5703125
1;20100;ORCHIDS;1088;9;1087;4;1081;50;1096;9;1097;4;1104;50;1092.0;109312.0
1;20100;AMETHYSTS;9996;2;9995;30;;;10004;2;10005;30;;;10000.0;365.0
1;20200;ORCHIDS;1093;9;1090;6;1089;4;1098;6;1099;4;1105;42;1095.5;109312.0
1;20200;STARFRUIT;5054;26;;;;;5061;26;;;;;5057.5;352.453125
1;20200;AMETHYSTS;9995;26;;;;;10005;26;;;;;10000.0;371.0
1;20300;ORCHIDS;1088;5;1087;4;1080;49;1096;5;1097;4;1103;49;1092.0;109312.0
1;20300;AMETHYSTS;9996;1;9995;26;;;9998;1;10004;1;10005;26;9997.0;371.0
1;20300;STARFRUIT;5055;26;;;;;5062;27;;;;;5058.5;357.5703125
1;20400;STARFRUIT;5055;27;;;;;5062;27;;;;;5058.5;359.4921875
1;20400;AMETHYSTS;9995;27;;;;;9998;4;10005;27;;;9996.5;373.0
1;20400;ORCHIDS;1089;9;1088;3;1081;55;1097;9;1098;3;1104;55;1093.0;109312.0
1;20500;STARFRUIT;5055;28;;;;;5062;28;;;;;5058.5;361.94921875
1;20500;ORCHIDS;1088;8;1087;5;1080;56;1090;2;1096;8;1097;5;1089.0;109312.0
1;20500;AMETHYSTS;9995;28;;;;;10005;28;;;;;10000.0;389.0
1;20600;ORCHIDS;1088;8;1087;3;1080;50;1096;8;1097;3;1103;50;1092.0;109312.0
1;20600;STARFRUIT;5056;1;5055;25;;;5062;26;;;;;5059.0;361.77734375
1;20600;AMETHYSTS;9996;1;9995;25;;;9998;1;10004;1;10005;25;9997.0;389.0
1;20700;ORCHIDS;1088;5;1087;3;1080;38;1096;5;1097;3;1103;38;1092.0;109312.0
1;20700;AMETHYSTS;9996;1;9995;20;;;9998;1;10002;4;10004;1;9997.0;389.0
1;20700;STARFRUIT;5055;21;;;;;5060;4;5062;21;;;5057.5;360.41796875
1;20800;STARFRUIT;5055;24;;;;;5062;24;;;;;5058.5;360.01171875
1;20800;AMETHYSTS;9996;1;9995;23;;;10004;1;10005;23;;;10000.0;389.0
1;20800;ORCHIDS;1088;7;1087;5;1080;48;1096;7;1097;5;1103;48;1092.0;109312.0
1;20900;STARFRUIT;5055;21;;;;;5062;21;;;;;5058.5;357.7421875
1;20900;AMETHYSTS;9996;1;9995;20;;;9998;1;10004;1;10005;20;9997.0;389.0
1;20900;ORCHIDS;1088;9;1087;2;1081;48;1096;9;1097;2;1104;48;1092.0;109312.0
1;21000;ORCHIDS;1088;9;1087;5;1080;43;1096;9;1097;5;1103;43;1092.0;109312.0
1;21000;STARFRUIT;5055;23;;;;;5061;2;5062;21;;;5058.0;355.28515625
1;21000;AMETHYSTS;9996;2;9995;21;;;10004;2;10005;21;;;10000.0;389.0
1;21100;AMETHYSTS;10002;2;9996;1;9995;26;10004;1;10005;26;;;10003.0;389.0
1;21100;ORCHIDS;1088;5;1087;2;1080;51;1096;5;1097;2;1103;51;1092.0;109312.0
1;21100;STARFRUIT;5055;6;5054;26;;;5061;27;;;;;5058.0;353.65234375
1;21200;STARFRUIT;5055;26;;;;;5061;1;5062;25;;;5058.0;356.01953125
1;21200;AMETHYSTS;9996;1;9995;25;;;10002;5;10004;1;10005;25;9999.0;393.0
1;21200;ORCHIDS;1086;10;1085;5;1078;53;1094;10;1095;5;1101;53;1090.0;109312.0
1;21300;STARFRUIT;5060;1;5054;30;;;5062;30;;;;;5061.0;355.1015625
1;21300;AMETHYSTS;9995;30;;;;;10005;30;;;;;10000.0;393.0
1;21300;ORCHIDS;1084;8;1083;2;1077;55;1092;8;1093;2;1100;55;1088.0;109312.0
1;21400;ORCHIDS;1085;9;1083;2;1077;53;1092;9;1094;2;1100;53;1088.5;109312.0
1;21400;STARFRUIT;5055;26;;;;;5061;2;5062;24;;;5058.0;357.3359375
1;21400;AMETHYSTS;9996;2;9995;24;;;10002;4;10004;2;10005;24;9999.0;393.0
1;21500;AMETHYSTS;9995;29;;;;;9998;1;10005;29;;;9996.5;393.0
1;21500;ORCHIDS;1083;9;1082;2;1076;58;1091;9;1092;2;1099;58;1087.0;109312.0
1;21500;STARFRUIT;5055;29;;;;;5062;29;;;;;5058.5;362.69921875
1;21600;STARFRUIT;5056;1;5055;27;;;5062;28;;;;;5059.0;362.640625
1;21600;AMETHYSTS;9996;1;9995;27;;;10004;1;10005;27;;;10000.0;395.0
1;21600;ORCHIDS;1082;10;1081;4;1075;51;1090;10;1091;4;1098;51;1086.0;109312.0
1;21700;STARFRUIT;5056;27;;;;;5061;2;5063;27;;;5058.5;364.578125
1;21700;AMETHYSTS;9995;27;;;;;10005;27;;;;;10000.0;395.0
1;21700;ORCHIDS;1082;9;1081;3;1075;54;1090;9;1091;3;1098;54;1086.0;109312.0
1;21800;ORCHIDS;1083;7;1081;5;1075;46;1090;7;1092;5;1098;46;1086.5;109312.0
1;21800;STARFRUIT;5061;10;5057;8;5056;25;5062;2;5063;23;;;5061.5;364.98046875
1;21800;AMETHYSTS;9996;2;9995;23;;;10004;2;10005;23;;;10000.0;395.0
1;21900;AMETHYSTS;9996;1;9995;29;;;10004;1;10005;29;;;10000.0;395.0
1;21900;ORCHIDS;1083;6;1081;2;1075;52;1090;6;1092;2;1098;52;1086.5;109312.0
1;21900;STARFRUIT;5057;1;5056;29;;;5063;30;;;;;5060.0;381.43359375
1;22000;STARFRUIT;5057;2;5056;27;;;5058;3;5063;29;;;5057.5;405.296875
1;22000;AMETHYSTS;9996;2;9995;27;;;10004;2;10005;27;;;10000.0;395.0
1;22000;ORCHIDS;1083;6;1081;2;1075;46;1090;6;1092;2;1098;46;1086.5;109312.0
1;22100;STARFRUIT;5056;30;;;;;5063;30;;;;;5059.5;406.9921875
1;22100;AMETHYSTS;9996;1;9995;29;;;10004;1;10005;29;;;10000.0;395.0
1;22100;ORCHIDS;1083;10;1081;5;1075;53;1090;10;1092;5;1098;53;1086.5;109312.0
1;22200;ORCHIDS;1082;5;1081;2;1074;44;1090;5;1091;2;1097;44;1086.0;109312.0
1;22200;STARFRUIT;5057;1;5056;28;;;5061;8;5063;29;;;5059.0;411.421875
1;22200;AMETHYSTS;9996;1;9995;28;;;10004;1;10005;28;;;10000.0;395.0
1;22300;AMETHYSTS;9995;28;;;;;10005;28;;;;;10000.0;395.0
1;22300;ORCHIDS;1082;9;1081;5;1074;47;1090;9;1091;5;1097;47;1086.0;109312.0
1;22300;STARFRUIT;5057;28;;;;;5064;28;;;;;5060.5;416.03125
1;22400;STARFRUIT;5057;26;;;;;5064;26;;;;;5060.5;416.75
1;22400;AMETHYSTS;9995;26;;;;;10005;26;;;;;10000.0;395.0
1;22400;ORCHIDS;1082;6;1081;3;1074;45;1090;6;1091;3;1097;45;1086.0;109312.0
1;22500;STARFRUIT;5057;27;;;;;5064;27;;;;;5060.5;418.5703125
1;22500;AMETHYSTS;9995;27;;;;;10005;27;;;;;10000.0;395.0
1;22500;ORCHIDS;1082;7;1081;4;1074;46;1090;7;1091;4;1098;46;1086.0;109312.0
1;22600;ORCHIDS;1083;8;1082;5;1075;51;1091;8;1092;5;1098;51;1087.0;109312.0
1;22600;STARFRUIT;5062;5;5057;28;;;5064;28;;;;;5063.0;422.2734375
1;22600;AMETHYSTS;9995;28;;;;;10005;28;;;;;10000.0;395.0
1;22700;AMETHYSTS;9995;30;;;;;10005;30;;;;;10000.0;399.0
1;22700;ORCHIDS;1083;10;1082;2;1075;55;1091;10;1092;2;1098;55;1087.0;109312.0
1;22700;STARFRUIT;5057;30;;;;;5064;30;;;;;5060.5;428.4375
1;22800;STARFRUIT;5058;27;;;;;5065;27;;;;;5061.5;454.109375
1;22800;AMETHYSTS;9996;2;9995;25;;;10004;2;10005;25;;;10000.0;399.0
1;22800;ORCHIDS;1083;7;1082;5;1075;49;1091;7;1092;5;1098;49;1087.0;109312.0
1;22900;STARFRUIT;5058;2;5057;26;;;5064;28;;;;;5061.0;444.140625
1;22900;AMETHYSTS;9996;2;9995;26;;;10004;2;10005;26;;;10000.0;399.0
1;22900;ORCHIDS;1085;6;1084;3;1077;46;1093;6;1094;3;1100;46;1089.0;109312.0
1;23000;ORCHIDS;1082;10;1081;2;1074;48;1090;10;1091;2;1097;48;1086.0;109312.0
1;23000;STARFRUIT;5059;2;5058;23;;;5065;23;;;;;5062.0;456.0859375
1;23000;AMETHYSTS;9996;1;9995;22;;;10004;1;10005;22;;;10000.0;399.0
1;23100;ORCHIDS;1081;6;1080;4;1073;53;1089;6;1090;4;1096;53;1085.0;109312.0
1;23100;STARFRUIT;5058;29;;;;;5063;4;5065;29;;;5060.5;447.7109375
1;23100;AMETHYSTS;9995;29;;;;;10005;29;;;;;10000.0;399.0
1;23200;STARFRUIT;5058;29;;;;;5063;8;5065;29;;;5060.5;453.15625
1;23200;AMETHYSTS;9996;2;9995;27;;;10004;2;10005;27;;;10000.0;399.0
1;23200;ORCHIDS;1080;6;1079;5;1073;53;1088;6;1089;5;1096;53;1084.0;109312.0
1;23300;STARFRUIT;5059;2;5058;26;;;5065;28;;;;;5062.0;463.8203125
1;23300;AMETHYSTS;9996;2;9995;26;;;10004;2;10005;26;;;10000.0;399.0
1;23300;ORCHIDS;1081;8;1080;2;1073;48;1089;8;1090;2;1096;48;1085.0;109312.0
1;23400;AMETHYSTS;9996;2;9995;28;;;10004;2;10005;28;;;10000.0;399.0
1;23400;ORCHIDS;1082;7;1081;4;1074;48;1090;7;1091;4;1097;48;1086.0;109312.0
1;23400;STARFRUIT;5060;3;5059;2;5058;28;5065;2;5066;28;;;5062.5;466.5546875
1;23500;ORCHIDS;1081;9;1080;2;1073;51;1089;9;1090;2;1096;51;1085.0;109312.0
1;23500;STARFRUIT;5059;29;;;;;5066;29;;;;;5062.5;477.9453125
1;23500;AMETHYSTS;9998;9;9996;1;9995;28;10004;1;10005;28;;;10001.0;399.0
1;23600;STARFRUIT;5059;22;;;;;5064;7;5066;22;;;5061.5;474.6640625
1;23600;ORCHIDS;1082;8;1081;2;1075;48;1089;8;1090;2;1096;48;1085.5;109312.0
1;23600;AMETHYSTS;9996;1;9995;21;;;10002;1;10004;1;10005;21;9999.0;399.0
1;23700;STARFRUIT;5059;32;;;;;5065;2;5066;30;;;5062.0;470.1484375
1;23700;AMETHYSTS;9996;2;9995;30;;;10004;2;10005;30;;;10000.0;399.0
1;23700;ORCHIDS;1083;6;1082;5;1076;48;1090;6;1091;5;1097;48;1086.5;109312.0
1;23800;ORCHIDS;1084;7;1083;2;1077;50;1091;7;1092;2;1098;50;1087.5;109312.0
1;23800;AMETHYSTS;10002;1;9996;1;9995;27;10004;1;10005;27;;;10003.0;402.0
1;23800;STARFRUIT;5059;28;;;;;5065;1;5066;27;;;5062.0;471.1640625
1;23900;ORCHIDS;1085;6;1084;2;1078;50;1092;6;1093;2;1099;50;1088.5;109312.0
1;23900;STARFRUIT;5059;31;;;;;5066;31;;;;;5062.5;474.3984375
1;23900;AMETHYSTS;9996;2;9995;29;;;10004;2;10005;29;;;10000.0;404.0
1;24000;STARFRUIT;5062;2;5059;24;;;5064;4;5066;24;;;5063.0;474.8671875
1;24000;ORCHIDS;1084;10;1083;5;1077;47;1091;10;1092;5;1098;47;1087.5;109312.0
1;24000;AMETHYSTS;10000;2;9996;1;9995;23;10004;1;10005;23;;;10002.0;404.0
1;24100;STARFRUIT;5059;23;;;;;5066;23;;;;;5062.5;470.5234375
1;24100;AMETHYSTS;9995;23;;;;;10005;23;;;;;10000.0;404.0
1;24100;ORCHIDS;1085;8;1084;5;1078;50;1092;8;1093;5;1099;50;1088.5;109312.0
1;24200;ORCHIDS;1083;6;1082;4;1076;50;1090;6;1091;4;1097;50;1086.5;109312.0
1;24200;AMETHYSTS;9998;9;9996;2;9995;30;10004;2;10005;30;;;10001.0;404.0
1;24200;STARFRUIT;5060;2;5059;32;;;5065;2;5066;30;;;5062.5;471.2890625
1;24300;ORCHIDS;1087;6;1084;8;1083;5;1091;8;1092;5;1098;49;1089.0;109312.0
1;24300;STARFRUIT;5059;32;;;;;5066;32;;;;;5062.5;478.6015625
1;24300;AMETHYSTS;9996;2;9995;30;;;10004;2;10005;30;;;10000.0;404.0
1;24400;STARFRUIT;5059;22;;;;;5060;1;5066;22;;;5059.5;479.078125
1;24400;ORCHIDS;1085;9;1084;3;1078;43;1092;9;1093;3;1099;43;1088.5;109312.0
1;24400;AMETHYSTS;9998;6;9996;2;9995;20;10004;2;10005;20;;;10001.0;404.0
1;24500;STARFRUIT;5058;24;;;;;5063;2;5065;24;;;5060.5;468.9609375
1;24500;AMETHYSTS;9995;24;;;;;10002;5;10005;24;;;9998.5;404.0
1;24500;ORCHIDS;1086;10;1085;3;1079;54;1093;10;1094;3;1100;54;1089.5;109312.0
1;24600;ORCHIDS;1086;5;1085;2;1079;44;1090;5;1093;5;1094;2;1088.0;109312.0
1;24600;AMETHYSTS;9996;2;9995;23;;;10002;4;10004;2;10005;23;9999.0;404.0
1;24600;STARFRUIT;5058;25;;;;;5065;25;;;;;5061.5;462.03125
1;24700;ORCHIDS;1083;10;1082;3;1076;47;1090;10;1091;3;1097;47;1086.5;109312.0
1;24700;STARFRUIT;5058;22;;;;;5065;22;;;;;5061.5;460.1484375
1;24700;AMETHYSTS;9998;10;9995;22;;;10005;22;;;;;10001.5;404.0
1;24800;STARFRUIT;5059;1;5058;20;;;5065;21;;;;;5062.0;468.8984375
1;24800;ORCHIDS;1085;7;1084;3;1078;42;1092;7;1093;3;1099;42;1088.5;109312.0
1;24800;AMETHYSTS;9996;1;9995;20;;;10004;1;10005;20;;;10000.0;404.0
1;24900;STARFRUIT;5060;6;5059;30;;;5065;2;5066;28;;;5062.5;472.2578125
1;24900;AMETHYSTS;9996;2;9995;28;;;10004;2;10005;28;;;10000.0;404.0
1;24900;ORCHIDS;1088;5;1085;8;1084;2;1092;8;1093;2;1099;55;1090.0;109312.0
1;25000;ORCHIDS;1084;8;1083;3;1077;47;1091;8;1092;3;1098;47;1087.5;109312.0
1;25000;AMETHYSTS;9998;2;9996;2;9995;25;10004;2;10005;25;;;10001.0;404.0
1;25000;STARFRUIT;5059;2;5058;25;;;5063;2;5065;27;;;5061.0;468.671875
1;25100;ORCHIDS;1085;8;1084;3;1078;48;1092;8;1093;3;1099;48;1088.5;109312.0
1;25100;STARFRUIT;5058;31;;;;;5065;31;;;;;5061.5;462.734375
1;25100;AMETHYSTS;9996;1;9995;30;;;10004;1;10005;30;;;10000.0;404.0
1;25200;ORCHIDS;1085;5;1084;4;1078;47;1092;5;1093;4;1099;47;1088.5;109312.0
1;25200;AMETHYSTS;9996;2;9995;24;;;10002;5;10004;2;10005;24;9999.0;404.0
1;25200;STARFRUIT;5059;26;;;;;5066;26;;;;;5062.5;474.7578125
1;25300;AMETHYSTS;9995;28;;;;;9998;1;10005;28;;;9996.5;404.0
1;25300;STARFRUIT;5058;28;;;;;5063;5;5065;28;;;5060.5;466.40625
1;25300;ORCHIDS;1084;5;1083;5;1077;49;1092;5;1093;5;1099;49;1088.0;109312.0
1;25400;AMETHYSTS;9996;2;9995;28;;;10004;2;10005;28;;;10000.0;406.0
1;25400;ORCHIDS;1083;7;1082;4;1076;55;1090;7;1091;4;1097;55;1086.5;109312.0
1;25400;STARFRUIT;5060;7;5059;30;;;5066;30;;;;;5063.0;475.984375
1;25500;STARFRUIT;5059;6;5058;22;;;5065;1;5066;22;;;5062.0;469.984375
1;25500;ORCHIDS;1080;6;1079;2;1073;44;1087;6;1088;2;1094;44;1083.5;109312.0
1;25500;AMETHYSTS;9998;1;9996;1;9995;22;10004;1;10005;22;;;10001.0;406.0
1;25600;AMETHYSTS;9996;1;9995;24;;;10002;1;10004;1;10005;24;9999.0;406.0
1;25600;ORCHIDS;1080;6;1079;2;1073;40;1087;6;1088;2;1094;40;1083.5;109312.0
1;25600;STARFRUIT;5059;25;;;;;5066;25;;;;;5062.5;476.109375
1;25700;AMETHYSTS;9996;1;9995;21;;;10004;1;10005;21;;;10000.0;406.0
1;25700;STARFRUIT;5059;1;5058;21;;;5065;22;;;;;5062.0;468.515625
1;25700;ORCHIDS;1080;9;1079;5;1073;49;1087;9;1088;5;1094;49;1083.5;109312.0
1;25800;AMETHYSTS;9998;1;9995;20;;;10005;20;;;;;10001.5;421.0
1;25800;ORCHIDS;1078;6;1077;2;1071;38;1085;6;1086;2;1092;38;1081.5;109312.0
1;25800;STARFRUIT;5059;20;;;;;5066;20;;;;;5062.5;478.8125
1;25900;STARFRUIT;5059;30;;;;;5066;30;;;;;5062.5;476.0703125
1;25900;ORCHIDS;1080;7;1079;4;1073;51;1087;7;1088;4;1094;51;1083.5;109312.0
1;25900;AMETHYSTS;10002;2;9995;30;;;10005;30;;;;;10003.5;421.0
1;26000;AMETHYSTS;9996;1;9995;21;;;9998;1;10004;1;10005;21;9997.0;425.0
1;26000;ORCHIDS;1081;6;1080;3;1074;43;1088;6;1089;3;1095;43;1084.5;109312.0
1;26000;STARFRUIT;5060;1;5059;21;;;5064;6;5066;22;;;5062.0;492.7890625
1;26100;AMETHYSTS;9996;1;9995;28;;;10004;1;10005;28;;;10000.0;427.0
1;26100;STARFRUIT;5060;28;;;;;5065;5;5066;1;5067;28;5062.5;497.15625
1;26100;ORCHIDS;1082;8;1081;5;1075;54;1089;8;1090;5;1096;54;1085.5;109312.0
1;26200;AMETHYSTS;9998;2;9996;2;9995;30;10004;2;10005;30;;;10001.0;427.0
1;26200;ORCHIDS;1082;7;1081;5;1075;52;1089;7;1090;5;1096;52;1085.5;109312.0
1;26200;STARFRUIT;5064;9;5059;32;;;5066;32;;;;;5065.0;483.640625
1;26300;STARFRUIT;5060;1;5059;22;;;5066;23;;;;;5063.0;501.765625
1;26300;ORCHIDS;1082;5;1081;4;1075;37;1089;5;1090;4;1096;37;1085.5;109312.0
1;26300;AMETHYSTS;9996;1;9995;22;;;10002;8;10004;1;10005;22;9999.0;427.0
1;26400;AMETHYSTS;9996;1;9995;23;;;10004;1;10005;23;;;10000.0;427.0
1;26400;ORCHIDS;1083;7;1082;4;1076;47;1090;7;1091;4;1097;47;1086.5;109312.0
1;26400;STARFRUIT;5059;24;;;;;5066;24;;;;;5062.5;498.16015625
1;26500;AMETHYSTS;9996;2;9995;27;;;10002;3;10004;2;10005;27;9999.0;427.0
1;26500;STARFRUIT;5059;29;;;;;5064;7;5065;2;5066;27;5061.5;494.078125
1;26500;ORCHIDS;1082;10;1081;4;1075;57;1089;10;1090;4;1096;57;1085.5;109312.0
1;26600;AMETHYSTS;9996;1;9995;27;;;10004;1;10005;27;;;10000.0;427.0
1;26600;ORCHIDS;1082;10;1081;2;1075;53;1089;10;1090;2;1096;53;1085.5;109312.0
1;26600;STARFRUIT;5059;2;5058;28;;;5065;28;;;;;5062.0;486.08203125
1;26700;STARFRUIT;5058;24;;;;;5060;4;5066;24;;;5059.0;492.05859375
1;26700;ORCHIDS;1081;9;1080;5;1074;47;1088;9;1089;5;1095;47;1084.5;109312.0
1;26700;AMETHYSTS;9995;24;;;;;10005;24;;;;;10000.0;427.0
1;26800;AMETHYSTS;9996;2;9995;24;;;10004;2;10005;24;;;10000.0;427.0
1;26800;ORCHIDS;1079;5;1078;4;1072;48;1086;5;1087;4;1093;48;1082.5;109312.0
1;26800;STARFRUIT;5064;1;5059;26;;;5065;2;5066;24;;;5064.5;501.8828125
1;26900;AMETHYSTS;9995;30;;;;;9998;1;10005;30;;;9996.5;427.0
1;26900;STARFRUIT;5058;30;;;;;5063;1;5065;30;;;5060.5;500.171875
1;26900;ORCHIDS;1078;8;1077;2;1071;50;1085;8;1086;2;1092;50;1081.5;109312.0
1;27000;AMETHYSTS;9996;1;9995;26;;;10004;1;10005;26;;;10000.0;429.0
1;27000;ORCHIDS;1078;10;1077;4;1071;47;1085;10;1086;4;1092;47;1081.5;109312.0
1;27000;STARFRUIT;5059;27;;;;;5064;6;5066;27;;;5061.5;506.3046875
1;27100;STARFRUIT;5059;22;;;;;5064;5;5066;22;;;5061.5;509.1171875
1;27100;ORCHIDS;1078;9;1077;3;1071;49;1085;9;1086;3;1092;49;1081.5;109312.0
1;27100;AMETHYSTS;9996;1;9995;21;;;10004;1;10005;21;;;10000.0;429.0
1;27200;AMETHYSTS;9996;2;9995;22;;;10002;5;10004;2;10005;22;9999.0;432.0
1;27200;ORCHIDS;1079;10;1078;5;1072;46;1086;10;1087;5;1093;46;1082.5;109312.0
1;27200;STARFRUIT;5059;3;5058;24;;;5065;24;;;;;5062.0;495.671875
1;27300;AMETHYSTS;9995;26;;;;;10005;26;;;;;10000.0;432.0
1;27300;STARFRUIT;5062;3;5057;26;;;5064;26;;;;;5063.0;486.078125
1;27300;ORCHIDS;1080;10;1079;3;1073;53;1087;10;1088;3;1094;53;1083.5;109312.0
1;27400;AMETHYSTS;9995;27;;;;;10005;27;;;;;10000.0;432.0
1;27400;ORCHIDS;1079;7;1078;5;1072;45;1086;7;1087;5;1093;45;1082.5;109312.0
1;27400;STARFRUIT;5058;27;;;;;5065;27;;;;;5061.5;494.96875
1;27500;STARFRUIT;5058;26;;;;;5063;7;5065;26;;;5060.5;493.76171875
1;27500;ORCHIDS;1079;10;1078;2;1072;46;1086;10;1087;2;1093;46;1082.5;109312.0
1;27500;AMETHYSTS;9995;26;;;;;10005;26;;;;;10000.0;432.0
1;27600;ORCHIDS;1079;7;1078;2;1072;47;1086;7;1087;2;1093;47;1082.5;109312.0
1;27600;STARFRUIT;5057;25;;;;;5064;25;;;;;5060.5;491.6875
1;27600;AMETHYSTS;9995;25;;;;;10005;25;;;;;10000.0;432.0
1;27700;AMETHYSTS;9996;2;9995;22;;;10004;2;10005;22;;;10000.0;460.0
1;27700;STARFRUIT;5057;24;;;;;5064;24;;;;;5060.5;513.0
1;27700;ORCHIDS;1079;5;1078;3;1072;47;1086;5;1087;3;1093;47;1082.5;109312.0
1;27800;ORCHIDS;1078;10;1077;3;1071;51;1085;10;1086;3;1092;51;1081.5;109312.0
1;27800;STARFRUIT;5056;22;;;;;5063;22;;;;;5059.5;513.0
1;27800;AMETHYSTS;10002;1;9995;22;;;10005;22;;;;;10003.5;460.0
1;27900;STARFRUIT;5056;22;;;;;5063;22;;;;;5059.5;513.0
1;27900;ORCHIDS;1078;10;1077;4;1071;50;1085;10;1086;4;1092;50;1081.5;109312.0
1;27900;AMETHYSTS;9995;22;;;;;10005;22;;;;;10000.0;462.0
1;28000;ORCHIDS;1079;10;1078;5;1072;54;1086;10;1087;5;1093;54;1082.5;109312.0
1;28000;STARFRUIT;5056;2;5055;26;;;5058;4;5061;5;5062;2;5057.0;513.0
1;28000;AMETHYSTS;9998;8;9996;2;9995;26;10000;4;10004;2;10005;26;9999.0;462.0
1;28100;ORCHIDS;1079;8;1078;5;1072;42;1086;8;1087;5;1093;42;1082.5;109312.0
1;28100;AMETHYSTS;9996;1;9995;22;;;10004;1;10005;22;;;10000.0;462.0
1;28100;STARFRUIT;5056;23;;;;;5062;1;5063;22;;;5059.0;513.0
1;28200;STARFRUIT;5062;1;5056;24;;;5063;24;;;;;5062.5;513.0
1;28200;AMETHYSTS;9996;1;9995;23;;;9998;1;10004;1;10005;23;9997.0;462.0
1;28200;ORCHIDS;1079;5;1078;2;1072;45;1086;5;1087;2;1093;45;1082.5;109312.0
1;28300;STARFRUIT;5056;21;;;;;5061;1;5063;21;;;5058.5;515.453125
1;28300;ORCHIDS;1078;6;1077;2;1071;42;1085;6;1086;2;1092;42;1081.5;109312.0
1;28300;AMETHYSTS;9998;3;9995;21;;;10005;21;;;;;10001.5;464.0
1;28400;ORCHIDS;1079;5;1078;5;1072;40;1086;5;1087;5;1093;40;1082.5;109312.0
1;28400;STARFRUIT;5056;22;;;;;5061;6;5063;22;;;5058.5;515.55029296875
1;28400;AMETHYSTS;10002;4;9996;1;9995;21;10004;1;10005;21;;;10003.0;464.0
1;28500;ORCHIDS;1080;7;1079;2;1073;46;1087;7;1088;2;1094;46;1083.5;109312.0
1;28500;AMETHYSTS;10002;7;9996;1;9995;26;10004;1;10005;26;;;10003.0;472.0
1;28500;STARFRUIT;5056;1;5055;26;;;5062;27;;;;;5059.0;516.12060546875
1;28600;STARFRUIT;5055;28;;;;;5056;6;5062;28;;;5055.5;516.5087890625
1;28600;AMETHYSTS;9995;28;;;;;10002;7;10005;28;;;9998.5;486.0
1;28600;ORCHIDS;1083;10;1082;3;1076;52;1090;10;1091;3;1097;52;1086.5;109312.0
1;28700;STARFRUIT;5055;28;;;;;5062;28;;;;;5058.5;532.779296875
1;28700;ORCHIDS;1084;8;1083;2;1077;49;1091;8;1092;2;1098;49;1087.5;109312.0
1;28700;AMETHYSTS;9996;1;9995;27;;;10004;1;10005;27;;;10000.0;526.0
1;28800;ORCHIDS;1085;10;1084;5;1078;58;1092;10;1093;5;1099;58;1088.5;109312.0
1;28800;STARFRUIT;5055;30;;;;;5062;30;;;;;5058.5;532.935546875
1;28800;AMETHYSTS;9995;30;;;;;10005;30;;;;;10000.0;526.0
1;28900;ORCHIDS;1086;10;1085;5;1079;45;1093;10;1094;5;1100;45;1089.5;109312.0
1;28900;AMETHYSTS;9996;1;9995;23;;;10004;1;10005;23;;;10000.0;534.0
1;28900;STARFRUIT;5055;24;;;;;5062;24;;;;;5058.5;537.46875
1;29000;STARFRUIT;5055;25;;;;;5063;25;;;;;5059.0;540.19921875
1;29000;AMETHYSTS;9995;25;;;;;10005;25;;;;;10000.0;534.0
1;29000;ORCHIDS;1087;8;1086;2;1080;47;1094;8;1095;2;1101;47;1090.5;109312.0
1;29100;STARFRUIT;5061;1;5056;5;5055;30;5062;30;;;;;5061.5;536.65625
1;29100;ORCHIDS;1092;3;1087;8;1086;2;1094;8;1095;2;1101;49;1093.0;109312.0
1;29100;AMETHYSTS;10002;1;9995;30;;;10005;30;;;;;10003.5;534.0
1;29200;ORCHIDS;1086;8;1085;5;1079;45;1093;8;1094;5;1100;45;1089.5;109312.0
1;29200;STARFRUIT;5056;20;;;;;5061;4;5063;20;;;5058.5;542.310546875
1;29200;AMETHYSTS;9995;20;;;;;10002;1;10005;20;;;9998.5;536.0
1;29300;ORCHIDS;1086;10;1085;2;1079;43;1094;10;1095;2;1101;43;1090.0;109312.0
1;29300;AMETHYSTS;9998;3;9996;2;9995;21;10004;2;10005;21;;;10001.0;536.0
1;29300;STARFRUIT;5057;23;;;;;5063;2;5064;21;;;5060.0;548.59375
1;29400;STARFRUIT;5062;1;5057;1;5056;24;5063;25;;;;;5062.5;546.951171875
1;29400;AMETHYSTS;9996;1;9995;24;;;10002;8;10004;1;10005;24;9999.0;536.0
1;29400;ORCHIDS;1086;8;1085;4;1079;44;1093;8;1094;4;1100;44;1089.5;109312.0
1;29500;STARFRUIT;5056;23;;;;;5063;23;;;;;5059.5;547.27734375
1;29500;ORCHIDS;1085;6;1084;4;1078;40;1092;6;1093;4;1099;40;1088.5;109312.0
1;29500;AMETHYSTS;9995;23;;;;;10005;23;;;;;10000.0;536.0
1;29600;ORCHIDS;1086;9;1085;2;1079;52;1093;9;1094;2;1100;52;1089.5;109312.0
1;29600;STARFRUIT;5055;27;;;;;5062;27;;;;;5058.5;556.54150390625
1;29600;AMETHYSTS;9995;27;;;;;10005;27;;;;;10000.0;536.0
1;29700;ORCHIDS;1087;10;1086;3;1080;52;1094;10;1095;3;1101;52;1090.5;109312.0
1;29700;AMETHYSTS;9998;1;9996;2;9995;29;10004;2;10005;29;;;10001.0;536.0
1;29700;STARFRUIT;5060;1;5055;31;;;5062;31;;;;;5061.0;556.32080078125
1;29800;STARFRUIT;5056;5;5055;24;;;5062;24;;;;;5059.0;558.0
1;29800;AMETHYSTS;9996;1;9995;23;;;10004;1;10005;23;;;10000.0;536.0
1;29800;ORCHIDS;1088;9;1087;4;1081;43;1095;9;1096;4;1102;43;1091.5;109312.0
1;29900;STARFRUIT;5058;1;5056;3;5055;25;5062;25;;;;;5060.0;559.96484375
1;29900;AMETHYSTS;10000;2;9998;8;9995;25;10005;25;;;;;10002.5;539.0
1;29900;ORCHIDS;1088;8;1087;5;1081;51;1095;8;1096;5;1102;51;1091.5;109312.0
1;30000;ORCHIDS;1088;7;1087;2;1081;45;1095;7;1096;2;1102;45;1091.5;109312.0
1;30000;STARFRUIT;5059;2;5056;26;;;5061;2;5063;26;;;5060.0;560.2890625
1;30000;AMETHYSTS;10000;2;9995;26;;;10005;26;;;;;10002.5;539.0
1;30100;AMETHYSTS;9995;28;;;;;10002;10;10005;28;;;9998.5;539.0
1;30100;ORCHIDS;1087;7;1086;2;1080;51;1094;7;1095;2;1101;51;1090.5;109312.0
1;30100;STARFRUIT;5056;28;;;;;5057;3;5063;28;;;5056.5;560.390625
1;30200;STARFRUIT;5057;2;5056;24;;;5063;2;5064;24;;;5060.0;569.94140625
1;30200;AMETHYSTS;9998;3;9996;2;9995;24;10004;2;10005;24;;;10001.0;539.0
1;30200;ORCHIDS;1087;9;1086;3;1080;50;1094;9;1095;3;1101;50;1090.5;109312.0
1;30300;STARFRUIT;5057;23;;;;;5062;5;5064;23;;;5059.5;571.169921875
1;30300;AMETHYSTS;10002;1;9998;10;9995;23;10005;23;;;;;10003.5;539.0
1;30300;ORCHIDS;1087;6;1086;3;1080;39;1094;6;1095;3;1101;39;1090.5;109312.0
1;30400;ORCHIDS;1087;8;1086;2;1080;44;1094;8;1095;2;1101;44;1090.5;109312.0
1;30400;STARFRUIT;5057;26;;;;;5064;26;;;;;5060.5;571.55078125
1;30400;AMETHYSTS;9996;2;9995;24;;;10004;2;10005;24;;;10000.0;541.0
1;30500;AMETHYSTS;9996;1;9995;20;;;10004;1;10005;20;;;10000.0;541.0
1;30500;ORCHIDS;1087;6;1086;3;1080;40;1095;6;1096;3;1102;40;1091.0;109312.0
1;30500;STARFRUIT;5057;21;;;;;5064;21;;;;;5060.5;572.337890625
1;30600;STARFRUIT;5060;3;5057;26;;;5064;26;;;;;5062.0;572.662109375
1;30600;AMETHYSTS;10000;3;9998;8;9996;1;10004;1;10005;25;;;10002.0;541.0
1;30600;ORCHIDS;1089;7;1088;2;1082;51;1096;7;1097;2;1103;51;1092.5;109312.0
1;30700;STARFRUIT;5057;24;;;;;5064;24;;;;;5060.5;572.091796875
1;30700;AMETHYSTS;9995;24;;;;;10005;24;;;;;10000.0;541.0
1;30700;ORCHIDS;1089;6;1088;2;1082;42;1097;6;1098;2;1104;42;1093.0;109312.0
1;30800;ORCHIDS;1089;5;1088;2;1082;49;1097;5;1098;2;1104;49;1093.0;109312.0
1;30800;STARFRUIT;5057;31;;;;;5064;31;;;;;5060.5;571.041015625
1;30800;AMETHYSTS;10002;11;9996;2;9995;29;10004;2;10005;29;;;10003.0;541.0
1;30900;AMETHYSTS;10002;1;9998;9;9996;1;10004;1;10005;24;;;10003.0;563.0
1;30900;ORCHIDS;1091;7;1090;3;1084;41;1098;7;1099;3;1105;41;1094.5;109312.0
1;30900;STARFRUIT;5063;1;5058;3;5057;25;5064;25;;;;;5063.5;572.49609375
1;31000;STARFRUIT;5064;1;5058;31;;;5065;31;;;;;5064.5;577.630859375
1;31000;AMETHYSTS;9996;1;9995;30;;;10004;1;10005;30;;;10000.0;565.0
1;31000;ORCHIDS;1091;10;1090;2;1084;51;1098;10;1099;2;1105;51;1094.5;109312.0
1;31100;STARFRUIT;5058;28;;;;;5065;28;;;;;5061.5;580.2138671875
1;31100;AMETHYSTS;9996;2;9995;26;;;10002;7;10004;2;10005;26;9999.0;565.0
1;31100;ORCHIDS;1090;6;1089;5;1083;48;1097;6;1098;5;1104;48;1093.5;109312.0
1;31200;ORCHIDS;1089;9;1088;4;1082;46;1093;7;1096;9;1097;4;1091.0;109312.0
1;31200;STARFRUIT;5058;26;;;;;5065;26;;;;;5061.5;580.291015625
1;31200;AMETHYSTS;9995;26;;;;;10002;4;10005;26;;;9998.5;565.0
1;31300;AMETHYSTS;9995;26;;;;;10005;26;;;;;10000.0;565.0
1;31300;ORCHIDS;1088;8;1087;2;1081;47;1095;8;1096;2;1102;47;1091.5;109312.0
1;31300;STARFRUIT;5064;1;5058;26;;;5066;26;;;;;5065.0;581.033203125
1;31400;STARFRUIT;5059;1;5058;23;;;5065;24;;;;;5062.0;582.90234375
1;31400;AMETHYSTS;9996;1;9995;23;;;10002;6;10004;1;10005;23;9999.0;565.0
1;31400;ORCHIDS;1087;6;1086;5;1080;45;1094;6;1095;5;1101;45;1090.5;109312.0
1;31500;STARFRUIT;5059;27;;;;;5065;1;5066;26;;;5062.0;583.08544921875
1;31500;AMETHYSTS;9996;1;9995;26;;;10004;1;10005;26;;;10000.0;565.0
1;31500;ORCHIDS;1087;6;1086;2;1080;44;1094;6;1095;2;1101;44;1090.5;109312.0
1;31600;ORCHIDS;1087;6;1086;4;1080;36;1094;6;1095;4;1101;36;1090.5;109312.0
1;31600;STARFRUIT;5060;4;5059;20;;;5066;20;;;;;5063.0;583.4921875
1;31600;AMETHYSTS;9995;20;;;;;10005;20;;;;;10000.0;565.0
1;31700;AMETHYSTS;9995;20;;;;;10005;20;;;;;10000.0;565.0
1;31700;ORCHIDS;1088;10;1087;2;1081;47;1095;10;1096;2;1102;47;1091.5;109312.0
1;31700;STARFRUIT;5059;20;;;;;5064;2;5066;20;;;5061.5;583.16015625
1;31800;STARFRUIT;5059;30;;;;;5066;30;;;;;5062.5;583.6484375
1;31800;AMETHYSTS;9996;1;9995;29;;;10004;1;10005;29;;;10000.0;565.0
1;31800;ORCHIDS;1086;7;1085;4;1079;52;1093;7;1094;4;1100;52;1089.5;109312.0
1;31900;STARFRUIT;5060;6;5059;27;;;5066;27;;;;;5063.0;583.36669921875
1;31900;AMETHYSTS;9995;27;;;;;10005;27;;;;;10000.0;565.0
1;31900;ORCHIDS;1087;9;1086;3;1080;56;1094;9;1095;3;1101;56;1090.5;109312.0
1;32000;AMETHYSTS;9996;2;9995;27;;;10004;2;10005;27;;;10000.0;565.0
1;32000;ORCHIDS;1086;8;1085;4;1079;53;1093;8;1094;4;1100;53;1089.5;109312.0
1;32000;STARFRUIT;5059;29;;;;;5061;4;5066;29;;;5060.0;583.66552734375
1;32100;ORCHIDS;1085;8;1084;4;1078;43;1092;8;1093;4;1099;43;1088.5;109312.0
1;32100;STARFRUIT;5059;20;;;;;5066;20;;;;;5062.5;588.74609375
1;32100;AMETHYSTS;9995;20;;;;;10005;20;;;;;10000.0;565.0
1;32200;STARFRUIT;5059;22;;;;;5062;4;5064;2;5066;22;5060.5;589.84765625
1;32200;AMETHYSTS;9996;2;9995;20;;;10000;4;10002;7;10004;2;9998.0;565.0
1;32200;ORCHIDS;1084;8;1083;5;1077;45;1091;8;1092;5;1098;45;1087.5;109312.0
1;32300;STARFRUIT;5059;29;;;;;5064;5;5066;29;;;5061.5;588.640625
1;32300;AMETHYSTS;10002;1;9998;3;9996;2;10004;2;10005;27;;;10003.0;565.0
1;32300;ORCHIDS;1085;5;1084;4;1078;51;1092;5;1093;4;1099;51;1088.5;109312.0
1;32400;ORCHIDS;1084;5;1083;5;1077;50;1091;5;1092;5;1098;50;1087.5;109312.0
1;32400;AMETHYSTS;9996;1;9995;28;;;10004;1;10005;28;;;10000.0;567.0
1;32400;STARFRUIT;5059;29;;;;;5064;2;5066;29;;;5061.5;588.603515625
1;32500;ORCHIDS;1084;6;1083;3;1077;45;1088;5;1091;6;1092;3;1086.0;109312.0
1;32500;STARFRUIT;5059;31;;;;;5066;31;;;;;5062.5;589.001953125
1;32500;AMETHYSTS;9998;5;9996;2;9995;29;10004;2;10005;29;;;10001.0;567.0
1;32600;STARFRUIT;5059;23;;;;;5066;23;;;;;5062.5;589.287109375
1;32600;ORCHIDS;1084;5;1083;2;1077;48;1091;5;1092;2;1098;48;1087.5;109312.0
1;32600;AMETHYSTS;9995;23;;;;;10005;23;;;;;10000.0;567.0
1;32700;STARFRUIT;5059;22;;;;;5065;1;5066;21;;;5062.0;587.8359375
1;32700;AMETHYSTS;10002;3;9996;1;9995;21;10004;1;10005;21;;;10003.0;567.0
1;32700;ORCHIDS;1084;7;1083;5;1077;45;1091;7;1092;5;1098;45;1087.5;109312.0
1;32800;ORCHIDS;1085;8;1084;5;1078;51;1092;8;1093;5;1099;51;1088.5;109312.0
1;32800;AMETHYSTS;9995;24;;;;;10005;24;;;;;10000.0;573.0
1;32800;STARFRUIT;5058;24;;;;;5065;24;;;;;5061.5;586.396484375
1;32900;ORCHIDS;1085;7;1084;3;1078;48;1092;7;1093;3;1099;48;1088.5;109312.0
1;32900;STARFRUIT;5059;27;;;;;5064;5;5066;28;;;5061.5;589.0078125
1;32900;AMETHYSTS;9995;28;;;;;10005;28;;;;;10000.0;573.0
1;33000;STARFRUIT;5058;22;;;;;5061;6;5065;22;;;5059.5;585.734375
1;33000;ORCHIDS;1085;10;1084;2;1078;43;1092;10;1093;2;1099;43;1088.5;109312.0
1;33000;AMETHYSTS;9995;22;;;;;10000;6;10005;22;;;9997.5;573.0
1;33100;STARFRUIT;5058;21;;;;;5059;1;5065;21;;;5058.5;586.412109375
1;33100;AMETHYSTS;9998;7;9995;21;;;10005;21;;;;;10001.5;573.0
1;33100;ORCHIDS;1086;6;1085;2;1079;40;1090;8;1093;6;1094;2;1088.0;109312.0
1;33200;ORCHIDS;1085;7;1084;2;1078;45;1092;7;1093;2;1099;45;1088.5;109312.0
1;33200;AMETHYSTS;9995;27;;;;;10005;27;;;;;10000.0;573.0
1;33200;STARFRUIT;5058;27;;;;;5063;1;5065;27;;;5060.5;588.0078125
1;33300;ORCHIDS;1085;7;1084;3;1078;45;1092;7;1093;3;1099;45;1088.5;109312.0
1;33300;STARFRUIT;5058;25;;;;;5063;5;5065;25;;;5060.5;588.265625
1;33300;AMETHYSTS;9995;25;;;;;10002;6;10005;25;;;9998.5;573.0
1;33400;STARFRUIT;5059;21;;;;;5066;21;;;;;5062.5;591.37109375
1;33400;ORCHIDS;1086;9;1085;3;1079;41;1090;8;1093;9;1094;3;1088.0;109312.0
1;33400;AMETHYSTS;9998;2;9996;1;9995;20;10004;1;10005;20;;;10001.0;573.0
1;33500;STARFRUIT;5060;3;5059;26;;;5065;1;5066;25;;;5062.5;590.91796875
1;33500;AMETHYSTS;9996;1;9995;25;;;10004;1;10005;25;;;10000.0;573.0
1;33500;ORCHIDS;1085;7;1084;5;1078;49;1092;7;1093;5;1099;49;1088.5;109312.0
1;33600;ORCHIDS;1086;10;1085;2;1079;55;1093;10;1094;2;1100;55;1089.5;109312.0
1;33600;AMETHYSTS;9996;2;9995;26;;;10004;2;10005;26;;;10000.0;573.0
1;33600;STARFRUIT;5059;2;5058;26;;;5065;28;;;;;5062.0;589.7265625
1;33700;ORCHIDS;1088;7;1087;2;1081;51;1095;7;1096;2;1102;51;1091.5;109312.0
1;33700;STARFRUIT;5058;6;5057;27;;;5064;29;;;;;5061.0;586.626953125
1;33700;AMETHYSTS;9996;2;9995;27;;;10004;2;10005;27;;;10000.0;576.0
1;33800;STARFRUIT;5058;25;;;;;5064;1;5065;24;;;5061.0;587.185546875
1;33800;ORCHIDS;1090;7;1089;4;1083;42;1097;7;1098;4;1104;42;1093.5;109312.0
1;33800;AMETHYSTS;9998;6;9996;1;9995;24;10004;1;10005;24;;;10001.0;576.0
1;33900;STARFRUIT;5057;20;;;;;5064;20;;;;;5060.5;586.3046875
1;33900;AMETHYSTS;9995;20;;;;;10002;7;10005;20;;;9998.5;576.0
1;33900;ORCHIDS;1091;7;1090;2;1084;46;1098;7;1099;2;1105;46;1094.5;109312.0
1;34000;ORCHIDS;1091;7;1090;4;1084;49;1098;7;1099;4;1105;49;1094.5;109312.0
1;34000;AMETHYSTS;9996;2;9995;25;;;10004;2;10005;25;;;10000.0;576.0
1;34000;STARFRUIT;5058;2;5057;25;;;5064;27;;;;;5061.0;586.4140625
1;34100;STARFRUIT;5057;29;;;;;5064;29;;;;;5060.5;584.4921875
1;34100;ORCHIDS;1092;9;1091;3;1085;53;1099;9;1100;3;1106;53;1095.5;109312.0
1;34100;AMETHYSTS;9995;29;;;;;10005;29;;;;;10000.0;576.0
1;34200;AMETHYSTS;9996;1;9995;21;;;10004;1;10005;21;;;10000.0;576.0
1;34200;ORCHIDS;1090;8;1089;5;1083;47;1097;8;1098;5;1104;47;1093.5;109312.0
1;34200;STARFRUIT;5057;22;;;;;5063;1;5064;21;;;5060.0;582.212890625
1;34300;AMETHYSTS;9995;30;;;;;10005;30;;;;;10000.0;576.0
1;34300;STARFRUIT;5057;30;;;;;5064;30;;;;;5060.5;585.400390625
1;34300;ORCHIDS;1090;9;1089;3;1083;49;1097;9;1098;3;1104;49;1093.5;109312.0
1;34400;AMETHYSTS;9996;1;9995;25;;;10004;1;10005;25;;;10000.0;576.0
1;34400;ORCHIDS;1090;8;1089;2;1083;46;1098;8;1099;2;1105;46;1094.0;109312.0
1;34400;STARFRUIT;5058;26;;;;;5065;26;;;;;5061.5;588.466796875
1;34500;STARFRUIT;5058;21;;;;;5063;4;5065;21;;;5060.5;587.8671875
1;34500;ORCHIDS;1091;7;1090;3;1084;47;1098;7;1099;3;1105;47;1094.5;109312.0
1;34500;AMETHYSTS;9995;21;;;;;10005;21;;;;;10000.0;576.0
1;34600;AMETHYSTS;9996;2;9995;20;;;10004;2;10005;20;;;10000.0;576.0
1;34600;ORCHIDS;1089;6;1088;4;1082;44;1096;6;1097;4;1103;44;1092.5;109312.0
1;34600;STARFRUIT;5058;22;;;;;5065;22;;;;;5061.5;588.76171875
1;34700;AMETHYSTS;9995;29;;;;;10005;29;;;;;10000.0;576.0
1;34700;STARFRUIT;5057;29;;;;;5064;29;;;;;5060.5;585.302734375
1;34700;ORCHIDS;1091;7;1090;3;1084;56;1098;7;1099;3;1105;56;1094.5;109312.0
1;34800;AMETHYSTS;10002;4;10000;4;9995;27;10005;27;;;;;10003.5;576.0
1;34800;ORCHIDS;1092;5;1091;3;1085;42;1099;5;1100;3;1106;42;1095.5;109312.0
1;34800;STARFRUIT;5061;3;5060;4;5057;27;5064;27;;;;;5062.5;584.087890625
1;34900;STARFRUIT;5056;26;;;;;5063;26;;;;;5059.5;583.65625
1;34900;ORCHIDS;1093;7;1092;3;1086;47;1100;7;1101;3;1107;47;1096.5;109312.0
1;34900;AMETHYSTS;9995;26;;;;;10002;9;10005;26;;;9998.5;584.0
1;35000;AMETHYSTS;9998;7;9995;24;;;10005;24;;;;;10001.5;584.0
1;35000;ORCHIDS;1093;10;1092;2;1086;44;1100;10;1101;2;1107;44;1096.5;109312.0
1;35000;STARFRUIT;5056;24;;;;;5061;7;5063;24;;;5058.5;578.0703125
1;35100;AMETHYSTS;9995;20;;;;;10005;20;;;;;10000.0;584.0
1;35100;STARFRUIT;5056;20;;;;;5063;20;;;;;5059.5;577.8984375
1;35100;ORCHIDS;1094;5;1093;3;1087;41;1101;5;1102;3;1108;41;1097.5;109312.0
1;35200;AMETHYSTS;9996;1;9995;20;;;10004;1;10005;20;;;10000.0;584.0
1;35200;ORCHIDS;1093;7;1092;4;1086;38;1100;7;1101;4;1107;38;1096.5;109312.0
1;35200;STARFRUIT;5056;20;;;;;5062;1;5063;20;;;5059.0;575.2421875
1;35300;STARFRUIT;5057;6;5056;31;;;5062;1;5063;30;;;5059.5;574.1484375
1;35300;ORCHIDS;1092;10;1091;2;1085;60;1099;10;1100;2;1106;60;1095.5;109312.0
1;35300;AMETHYSTS;9996;1;9995;30;;;10002;1;10004;1;10005;30;9999.0;596.0
1;35400;AMETHYSTS;9995;25;;;;;10002;10;10005;25;;;9998.5;596.0
1;35400;ORCHIDS;1091;7;1090;2;1084;43;1098;7;1099;2;1105;43;1094.5;109312.0
1;35400;STARFRUIT;5056;25;;;;;5063;25;;;;;5059.5;574.09375
1;35500;AMETHYSTS;9996;1;9995;20;;;9998;1;10004;1;10005;20;9997.0;596.0
1;35500;STARFRUIT;5055;21;;;;;5062;21;;;;;5058.5;567.99609375
1;35500;ORCHIDS;1090;5;1089;4;1083;38;1098;5;1099;4;1105;38;1094.0;109312.0
1;35600;AMETHYSTS;9995;20;;;;;10005;20;;;;;10000.0;598.0
1;35600;ORCHIDS;1094;9;1091;8;1090;2;1098;8;1099;2;1105;42;1096.0;109312.0
1;35600;STARFRUIT;5056;4;5055;20;;;5062;20;;;;;5059.0;562.75
1;35700;STARFRUIT;5054;22;;;;;5059;1;5061;22;;;5056.5;559.55859375
1;35700;ORCHIDS;1092;9;1091;4;1085;48;1099;9;1100;4;1106;48;1095.5;109312.0
1;35700;AMETHYSTS;9998;5;9995;22;;;10005;22;;;;;10001.5;598.0
1;35800;AMETHYSTS;9995;26;;;;;10005;26;;;;;10000.0;598.0
1;35800;ORCHIDS;1092;8;1091;4;1085;53;1099;8;1100;4;1106;53;1095.5;109312.0
1;35800;STARFRUIT;5055;26;;;;;5062;26;;;;;5058.5;562.60546875
1;35900;AMETHYSTS;9995;20;;;;;10005;20;;;;;10000.0;598.0
1;35900;STARFRUIT;5054;20;;;;;5059;6;5061;20;;;5056.5;560.15625
1;35900;ORCHIDS;1096;10;1093;9;1092;5;1100;9;1101;5;1107;40;1098.0;109312.0
1;36000;AMETHYSTS;9995;24;;;;;10005;24;;;;;10000.0;598.0
1;36000;ORCHIDS;1091;9;1090;3;1084;46;1095;8;1098;9;1099;3;1093.0;109312.0
1;36000;STARFRUIT;5054;24;;;;;5061;24;;;;;5057.5;559.328125
1;36100;STARFRUIT;5055;1;5054;27;;;5061;28;;;;;5058.0;560.34375
1;36100;ORCHIDS;1090;8;1089;4;1083;50;1097;8;1098;4;1104;50;1093.5;109312.0
1;36100;AMETHYSTS;9996;1;9995;27;;;10004;1;10005;27;;;10000.0;598.0
1;36200;AMETHYSTS;9996;1;9995;29;;;10004;1;10005;29;;;10000.0;598.0
1;36200;ORCHIDS;1090;5;1089;5;1083;51;1097;5;1098;5;1104;51;1093.5;109312.0
1;36200;STARFRUIT;5055;1;5054;29;;;5059;2;5061;30;;;5057.0;559.6171875
1;36300;AMETHYSTS;9996;1;9995;20;;;10004;1;10005;20;;;10000.0;598.0
1;36300;STARFRUIT;5054;21;;;;;5060;1;5061;20;;;5057.0;550.95703125
1;36300;ORCHIDS;1089;5;1088;5;1082;36;1096;5;1097;5;1103;36;1092.5;109312.0
1;36400;ORCHIDS;1087;6;1086;5;1080;44;1094;6;1095;5;1101;44;1090.5;109312.0
1;36400;STARFRUIT;5054;26;;;;;5059;6;5061;26;;;5056.5;557.3671875
1;36400;AMETHYSTS;9996;1;9995;25;;;10002;9;10004;1;10005;25;9999.0;598.0
1;36500;STARFRUIT;5055;22;;;;;5060;4;5062;22;;;5057.5;564.19921875
1;36500;ORCHIDS;1087;10;1086;2;1080;51;1094;10;1095;2;1101;51;1090.5;109312.0
1;36500;AMETHYSTS;9998;5;9996;1;9995;21;10004;1;10005;21;;;10001.0;598.0
1;36600;ORCHIDS;1086;7;1085;5;1079;47;1093;7;1094;5;1100;47;1089.5;109312.0
1;36600;STARFRUIT;5056;6;5055;24;;;5062;24;;;;;5059.0;566.1796875
1;36600;AMETHYSTS;9996;1;9995;23;;;10004;1;10005;23;;;10000.0;598.0
1;36700;AMETHYSTS;9995;27;;;;;10005;27;;;;;10000.0;598.0
1;36700;STARFRUIT;5055;27;;;;;5062;27;;;;;5058.5;562.69921875
1;36700;ORCHIDS;1086;8;1085;5;1079;48;1093;8;1094;5;1100;48;1089.5;109312.0
1;36800;ORCHIDS;1085;9;1084;2;1078;42;1092;9;1093;2;1099;42;1088.5;109312.0
1;36800;STARFRUIT;5055;2;5054;21;;;5061;23;;;;;5058.0;559.359375
1;36800;AMETHYSTS;9996;2;9995;21;;;9998;1;10002;6;10004;2;9997.0;598.0
1;36900;STARFRUIT;5054;25;;;;;5055;1;5059;5;5061;25;5054.5;556.046875
1;36900;ORCHIDS;1083;8;1082;5;1076;48;1090;8;1091;5;1097;48;1086.5;109312.0
1;36900;AMETHYSTS;9996;2;9995;23;;;10004;2;10005;23;;;10000.0;600.0
1;37000;ORCHIDS;1084;9;1083;2;1077;56;1091;9;1092;2;1098;56;1087.5;109312.0
1;37000;STARFRUIT;5055;4;5054;28;;;5061;28;;;;;5058.0;562.375
1;37000;AMETHYSTS;9995;28;;;;;10005;28;;;;;10000.0;600.0
1;37100;ORCHIDS;1085;9;1084;2;1078;46;1092;9;1093;2;1099;46;1088.5;109312.0
1;37100;AMETHYSTS;9998;6;9996;2;9995;23;10004;2;10005;23;;;10001.0;600.0
1;37100;STARFRUIT;5055;2;5054;23;;;5061;25;;;;;5058.0;563.4375
1;37200;STARFRUIT;5055;6;5054;24;;;5062;24;;;;;5058.5;563.6171875
1;37200;AMETHYSTS;9995;24;;;;;10005;24;;;;;10000.0;600.0
1;37200;ORCHIDS;1084;8;1083;2;1077;44;1091;8;1092;2;1098;44;1087.5;109312.0
1;37300;STARFRUIT;5057;2;5054;29;;;5059;6;5061;29;;;5058.0;563.0
1;37300;ORCHIDS;1085;9;1084;3;1078;52;1092;9;1093;3;1099;52;1088.5;109312.0
1;37300;AMETHYSTS;10000;2;9998;10;9995;29;10005;29;;;;;10002.5;600.0
1;37400;ORCHIDS;1084;10;1083;4;1077;42;1091;10;1092;4;1098;42;1087.5;109312.0
1;37400;STARFRUIT;5055;2;5054;20;;;5061;2;5062;20;;;5058.0;561.71875
1;37400;AMETHYSTS;9998;8;9996;2;9995;20;10004;2;10005;20;;;10001.0;600.0
1;37500;ORCHIDS;1083;5;1082;5;1076;44;1090;5;1091;5;1097;44;1086.5;109312.0
1;37500;AMETHYSTS;9996;2;9995;22;;;10004;2;10005;22;;;10000.0;600.0
1;37500;STARFRUIT;5056;4;5055;24;;;5062;24;;;;;5059.0;564.9765625
1;37600;STARFRUIT;5055;25;;;;;5062;25;;;;;5058.5;564.40625
1;37600;AMETHYSTS;9996;1;9995;24;;;10004;1;10005;24;;;10000.0;600.0
1;37600;ORCHIDS;1084;7;1083;5;1077;50;1091;7;1092;5;1098;50;1087.5;109312.0
1;37700;STARFRUIT;5060;1;5055;1;5054;21;5061;22;;;;;5060.5;560.71484375
1;37700;ORCHIDS;1087;7;1084;10;1083;5;1091;10;1092;5;1098;44;1089.0;109312.0
1;37700;AMETHYSTS;9996;1;9995;21;;;10004;1;10005;21;;;10000.0;600.0
1;37800;ORCHIDS;1085;8;1084;5;1078;49;1092;8;1093;5;1099;49;1088.5;109312.0
1;37800;STARFRUIT;5055;26;;;;;5062;26;;;;;5058.5;571.3515625
1;37800;AMETHYSTS;9998;7;9996;1;9995;25;10004;1;10005;25;;;10001.0;600.0
1;37900;ORCHIDS;1085;8;1084;5;1078;55;1092;8;1093;5;1099;55;1088.5;109312.0
1;37900;AMETHYSTS;9996;2;9995;27;;;10002;9;10004;2;10005;27;9999.0;602.0
1;37900;STARFRUIT;5055;29;;;;;5056;4;5062;29;;;5055.5;570.921875
1;38000;STARFRUIT;5055;25;;;;;5060;2;5062;25;;;5057.5;584.4609375
1;38000;AMETHYSTS;9996;1;9995;24;;;10004;1;10005;24;;;10000.0;602.0
1;38000;ORCHIDS;1085;5;1084;5;1078;43;1092;5;1093;5;1099;43;1088.5;109312.0
1;38100;STARFRUIT;5055;27;;;;;5062;27;;;;;5058.5;588.15625
1;38100;ORCHIDS;1085;6;1084;2;1078;53;1092;6;1093;2;1099;53;1088.5;109312.0
1;38100;AMETHYSTS;9995;27;;;;;10005;27;;;;;10000.0;602.0
1;38200;ORCHIDS;1084;10;1083;2;1077;55;1091;10;1092;2;1098;55;1087.5;109312.0
1;38200;STARFRUIT;5056;6;5055;30;;;5062;30;;;;;5059.0;582.0546875
1;38200;AMETHYSTS;9996;1;9995;29;;;10004;1;10005;29;;;10000.0;602.0
1;38300;ORCHIDS;1083;7;1082;2;1076;50;1090;7;1091;2;1097;50;1086.5;109312.0
1;38300;AMETHYSTS;9998;8;9995;25;;;10005;25;;;;;10001.5;602.0
1;38300;STARFRUIT;5055;25;;;;;5062;25;;;;;5058.5;583.703125
1;38400;STARFRUIT;5055;27;;;;;5061;2;5062;25;;;5058.0;587.2421875
1;38400;AMETHYSTS;9996;2;9995;25;;;10002;3;10004;2;10005;25;9999.0;602.0
1;38400;ORCHIDS;1083;9;1082;3;1076;48;1090;9;1091;3;1097;48;1086.5;109312.0
1;38500;STARFRUIT;5058;6;5055;22;;;5062;22;;;;;5060.0;585.3671875
1;38500;ORCHIDS;1085;9;1084;3;1078;47;1092;9;1093;3;1099;47;1088.5;109312.0
1;38500;AMETHYSTS;10000;6;9995;22;;;10002;10;10005;22;;;10001.0;602.0
1;38600;ORCHIDS;1086;10;1085;5;1079;51;1093;10;1094;5;1100;51;1089.5;109312.0
1;38600;STARFRUIT;5055;31;;;;;5062;31;;;;;5058.5;591.125
1;38600;AMETHYSTS;9996;2;9995;29;;;10004;2;10005;29;;;10000.0;602.0
1;38700;AMETHYSTS;9996;1;9995;26;;;10004;1;10005;26;;;10000.0;602.0
1;38700;ORCHIDS;1088;7;1087;4;1081;48;1095;7;1096;4;1102;48;1091.5;109312.0
1;38700;STARFRUIT;5056;27;;;;;5063;27;;;;;5059.5;601.4296875
1;38800;STARFRUIT;5055;21;;;;;5062;21;;;;;5058.5;595.3671875
1;38800;AMETHYSTS;9995;21;;;;;10005;21;;;;;10000.0;602.0
1;38800;ORCHIDS;1088;8;1087;4;1081;48;1095;8;1096;4;1102;48;1091.5;109312.0
1;38900;STARFRUIT;5056;2;5055;21;;;5061;4;5062;2;5063;21;5058.5;597.8671875
1;38900;AMETHYSTS;9996;2;9995;21;;;10004;2;10005;21;;;10000.0;622.0
1;38900;ORCHIDS;1088;7;1087;5;1081;44;1095;7;1096;5;1102;44;1091.5;109312.0
1;39000;ORCHIDS;1091;7;1088;10;1087;2;1095;10;1096;2;1102;49;1093.0;109312.0
1;39000;STARFRUIT;5056;29;;;;;5063;29;;;;;5059.5;598.5546875
1;39000;AMETHYSTS;9995;29;;;;;10002;2;10005;29;;;9998.5;622.0
1;39100;AMETHYSTS;9996;2;9995;21;;;10002;5;10004;2;10005;21;9999.0;622.0
1;39100;ORCHIDS;1088;6;1087;3;1081;37;1095;6;1096;3;1102;37;1091.5;109312.0
1;39100;STARFRUIT;5056;23;;;;;5061;4;5062;2;5063;21;5058.5;599.0859375
1;39200;STARFRUIT;5056;2;5055;21;;;5062;23;;;;;5059.0;596.9140625
1;39200;AMETHYSTS;9996;2;9995;21;;;10004;2;10005;21;;;10000.0;622.0
1;39200;ORCHIDS;1090;7;1089;2;1083;42;1097;7;1098;2;1104;42;1093.5;109312.0
1;39300;STARFRUIT;5057;2;5056;23;;;5062;2;5063;21;;;5059.5;599.4453125
1;39300;AMETHYSTS;9996;2;9995;21;;;10004;2;10005;21;;;10000.0;622.0
1;39300;ORCHIDS;1089;8;1088;5;1082;46;1097;8;1098;5;1104;46;1093.0;109312.0
1;39400;ORCHIDS;1089;6;1088;4;1082;47;1097;6;1098;4;1104;47;1093.0;109312.0
1;39400;STARFRUIT;5056;27;;;;;5063;27;;;;;5059.5;602.0234375
1;39400;AMETHYSTS;9996;2;9995;25;;;10004;2;10005;25;;;10000.0;622.0
1;39500;AMETHYSTS;9996;2;9995;23;;;10004;2;10005;23;;;10000.0;622.0
1;39500;ORCHIDS;1089;6;1088;5;1082;42;1097;6;1098;5;1104;42;1093.0;109312.0
1;39500;STARFRUIT;5061;1;5056;25;;;5063;25;;;;;5062.0;602.375
1;39600;STARFRUIT;5056;28;;;;;5063;28;;;;;5059.5;598.5546875
1;39600;AMETHYSTS;9995;28;;;;;10005;28;;;;;10000.0;622.0
1;39600;ORCHIDS;1089;7;1088;4;1082;49;1097;7;1098;4;1104;49;1093.0;109312.0
1;39700;STARFRUIT;5056;1;5055;20;;;5062;21;;;;;5059.0;592.46875
1;39700;AMETHYSTS;9996;1;9995;20;;;10004;1;10005;20;;;10000.0;622.0
1;39700;ORCHIDS;1089;8;1088;3;1082;40;1096;8;1097;3;1103;40;1092.5;109312.0
1;39800;ORCHIDS;1089;5;1088;5;1082;47;1096;5;1097;5;1103;47;1092.5;109312.0
1;39800;STARFRUIT;5055;28;;;;;5060;1;5062;28;;;5057.5;582.75
1;39800;AMETHYSTS;9996;2;9995;26;;;10004;2;10005;26;;;10000.0;622.0
1;39900;AMETHYSTS;9996;1;9995;24;;;10002;3;10004;1;10005;24;9999.0;622.0
1;39900;ORCHIDS;1089;7;1088;3;1082;45;1096;7;1097;3;1103;45;1092.5;109312.0
1;39900;STARFRUIT;5056;6;5055;25;;;5061;1;5062;24;;;5058.5;576.2890625
1;40000;STARFRUIT;5055;3;5054;29;;;5061;1;5062;29;;;5058.0;574.984375
1;40000;AMETHYSTS;9998;3;9996;1;9995;29;10004;1;10005;29;;;10001.0;622.0
1;40000;ORCHIDS;1090;9;1089;3;1083;51;1097;9;1098;3;1104;51;1093.5;109312.0
1;40100;STARFRUIT;5055;32;;;;;5061;2;5062;30;;;5058.0;576.5703125
1;40100;AMETHYSTS;9996;2;9995;30;;;10004;2;10005;30;;;10000.0;622.0
1;40100;ORCHIDS;1091;5;1090;5;1084;54;1098;5;1099;5;1105;54;1094.5;109312.0
1;40200;ORCHIDS;1090;9;1089;2;1083;41;1097;9;1098;2;1104;41;1093.5;109312.0
1;40200;STARFRUIT;5055;22;;;;;5060;6;5062;22;;;5057.5;582.9296875
1;40200;AMETHYSTS;9996;2;9995;20;;;10004;2;10005;20;;;10000.0;622.0
1;40300;AMETHYSTS;9995;30;;;;;10000;5;10005;30;;;9997.5;622.0
1;40300;ORCHIDS;1089;7;1088;4;1082;47;1096;7;1097;4;1103;47;1092.5;109312.0
1;40300;STARFRUIT;5055;30;;;;;5057;2;5058;5;5062;30;5056.0;585.2578125
1;40400;STARFRUIT;5055;22;;;;;5056;8;5060;8;5062;22;5055.5;588.578125
1;40400;AMETHYSTS;9995;22;;;;;10005;22;;;;;10000.0;622.0
1;40400;ORCHIDS;1090;7;1089;5;1083;48;1097;7;1098;5;1104;48;1093.5;109312.0
1;40500;STARFRUIT;5054;21;;;;;5061;21;;;;;5057.5;567.546875
1;40500;AMETHYSTS;9998;6;9996;1;9995;20;10004;1;10005;20;;;10001.0;622.0
1;40500;ORCHIDS;1090;6;1089;3;1083;38;1097;6;1098;3;1104;38;1093.5;109312.0
1;40600;ORCHIDS;1090;8;1089;2;1083;55;1097;8;1098;2;1104;55;1093.5;109312.0
1;40600;STARFRUIT;5055;1;5054;27;;;5061;28;;;;;5058.0;574.765625
1;40600;AMETHYSTS;9996;1;9995;27;;;10004;1;10005;27;;;10000.0;622.0
1;40700;AMETHYSTS;9995;20;;;;;10005;20;;;;;10000.0;622.0
1;40700;ORCHIDS;1088;6;1087;3;1081;43;1095;6;1096;3;1102;43;1091.5;109312.0
1;40700;STARFRUIT;5055;20;;;;;5062;20;;;;;5058.5;585.953125
1;40800;STARFRUIT;5055;24;;;;;5062;24;;;;;5058.5;583.953125
1;40800;AMETHYSTS;9995;24;;;;;10005;24;;;;;10000.0;622.0
1;40800;ORCHIDS;1089;10;1088;3;1082;44;1096;10;1097;3;1103;44;1092.5;109312.0
1;40900;STARFRUIT;5055;1;5054;20;;;5061;1;5062;20;;;5058.0;576.4765625
1;40900;AMETHYSTS;9996;1;9995;20;;;10004;1;10005;20;;;10000.0;622.0
1;40900;ORCHIDS;1089;8;1088;4;1082;39;1096;8;1097;4;1103;39;1092.5;109312.0
1;41000;AMETHYSTS;9995;27;;;;;10005;27;;;;;10000.0;622.0
1;41000;ORCHIDS;1088;8;1087;5;1081;45;1095;8;1096;5;1102;45;1091.5;109312.0
1;41000;STARFRUIT;5056;5;5055;27;;;5062;27;;;;;5059.0;583.3046875
1;41100;ORCHIDS;1088;5;1087;5;1081;43;1095;5;1096;5;1102;43;1091.5;109312.0
1;41100;STARFRUIT;5055;2;5054;21;;;5061;2;5062;21;;;5058.0;575.78125
1;41100;AMETHYSTS;9996;2;9995;21;;;10002;6;10004;2;10005;21;9999.0;622.0
1;41200;STARFRUIT;5055;26;;;;;5062;27;;;;;5058.5;585.46875
1;41200;AMETHYSTS;10002;1;9996;1;9995;26;10004;1;10005;26;;;10003.0;622.0
1;41200;ORCHIDS;1088;7;1087;2;1081;46;1095;7;1096;2;1102;46;1091.5;109312.0
1;41300;STARFRUIT;5055;1;5054;27;;;5056;4;5060;8;5061;1;5055.5;576.1640625
1;41300;AMETHYSTS;9996;1;9995;27;;;10004;1;10005;27;;;10000.0;624.0
1;41300;ORCHIDS;1088;9;1087;3;1081;54;1095;9;1096;3;1102;54;1091.5;109312.0
1;41400;ORCHIDS;1087;5;1086;3;1080;47;1094;5;1095;3;1101;47;1090.5;109312.0
1;41400;AMETHYSTS;9996;2;9995;26;;;9998;3;10004;2;10005;26;9997.0;624.0
1;41400;STARFRUIT;5054;28;;;;;5061;28;;;;;5057.5;566.5625
1;41500;ORCHIDS;1088;9;1087;2;1081;47;1095;9;1096;2;1102;47;1091.5;109312.0
1;41500;STARFRUIT;5055;4;5054;20;;;5061;20;;;;;5058.0;559.453125
1;41500;AMETHYSTS;9995;20;;;;;10002;2;10005;20;;;9998.5;630.0
1;41600;STARFRUIT;5053;31;;;;;5060;31;;;;;5056.5;549.015625
1;41600;ORCHIDS;1088;5;1087;2;1081;49;1095;5;1096;2;1102;49;1091.5;109312.0
1;41600;AMETHYSTS;9996;2;9995;29;;;10004;2;10005;29;;;10000.0;630.0
1;41700;STARFRUIT;5053;23;;;;;5060;23;;;;;5056.5;546.078125
1;41700;AMETHYSTS;9996;1;9995;22;;;10004;1;10005;22;;;10000.0;630.0
1;41700;ORCHIDS;1086;9;1085;2;1079;49;1093;9;1094;2;1100;49;1089.5;109312.0
1;41800;ORCHIDS;1087;9;1086;4;1080;51;1094;9;1095;4;1101;51;1090.5;109312.0
1;41800;AMETHYSTS;9996;2;9995;22;;;9998;1;10002;7;10004;2;9997.0;630.0
1;41800;STARFRUIT;5054;2;5053;22;;;5059;6;5060;2;5061;22;5056.5;556.5
1;41900;ORCHIDS;1086;5;1085;3;1079;39;1093;5;1094;3;1100;39;1089.5;109312.0
1;41900;STARFRUIT;5055;8;5054;26;;;5061;26;;;;;5058.0;568.5625
1;41900;AMETHYSTS;9996;2;9995;24;;;10004;2;10005;24;;;10000.0;632.0
1;42000;STARFRUIT;5055;29;;;;;5062;29;;;;;5058.5;580.9296875
1;42000;ORCHIDS;1086;8;1085;3;1079;50;1093;8;1094;3;1100;50;1089.5;109312.0
1;42000;AMETHYSTS;9996;1;9995;28;;;10004;1;10005;28;;;10000.0;632.0
1;42100;STARFRUIT;5056;25;;;;;5063;25;;;;;5059.5;600.671875
1;42100;AMETHYSTS;9996;2;9995;23;;;10004;2;10005;23;;;10000.0;632.0
1;42100;ORCHIDS;1086;9;1085;5;1079;45;1093;9;1094;5;1100;45;1089.5;109312.0
1;42200;ORCHIDS;1085;5;1084;3;1078;40;1093;5;1094;3;1100;40;1089.0;109312.0
1;42200;AMETHYSTS;9996;1;9995;20;;;10004;1;10005;20;;;10000.0;632.0
1;42200;STARFRUIT;5056;21;;;;;5061;3;5062;1;5063;20;5058.5;599.1875
1;42300;ORCHIDS;1085;6;1084;4;1078;43;1093;6;1094;4;1100;43;1089.0;109312.0
1;42300;STARFRUIT;5060;3;5055;21;;;5062;21;;;;;5061.0;594.4765625
1;42300;AMETHYSTS;9995;21;;;;;10005;21;;;;;10000.0;632.0
1;42400;STARFRUIT;5055;30;;;;;5062;30;;;;;5058.5;592.78125
1;42400;ORCHIDS;1087;8;1086;4;1080;55;1094;8;1095;4;1101;55;1090.5;109312.0
1;42400;AMETHYSTS;9996;1;9995;29;;;10004;1;10005;29;;;10000.0;632.0
1;42500;STARFRUIT;5058;3;5055;30;;;5062;30;;;;;5060.0;590.40625
1;42500;AMETHYSTS;10000;3;9996;2;9995;28;10002;10;10004;2;10005;28;10001.0;632.0
1;42500;ORCHIDS;1087;5;1086;3;1080;50;1094;5;1095;3;1101;50;1090.5;109312.0
1;42600;ORCHIDS;1087;7;1086;4;1080;50;1094;7;1095;4;1101;50;1090.5;109312.0
1;42600;AMETHYSTS;9996;2;9995;27;;;10004;2;10005;27;;;10000.0;632.0
1;42600;STARFRUIT;5055;29;;;;;5060;8;5061;2;5062;27;5057.5;585.515625
1;42700;ORCHIDS;1085;7;1084;2;1078;47;1092;7;1093;2;1099;47;1088.5;109312.0
1;42700;STARFRUIT;5055;1;5054;25;;;5061;26;;;;;5058.0;578.71875
1;42700;AMETHYSTS;9998;3;9996;1;9995;25;10004;1;10005;25;;;10001.0;632.0
1;42800;STARFRUIT;5055;1;5054;24;;;5061;2;5062;24;;;5058.0;582.109375
1;42800;ORCHIDS;1086;5;1085;5;1079;41;1093;5;1094;5;1100;41;1089.5;109312.0
1;42800;AMETHYSTS;9996;2;9995;24;;;10004;2;10005;24;;;10000.0;632.0
1;42900;STARFRUIT;5054;25;;;;;5060;2;5061;23;;;5057.0;567.9296875
1;42900;AMETHYSTS;9996;2;9995;23;;;10002;3;10004;2;10005;23;9999.0;632.0
1;42900;ORCHIDS;1087;5;1086;2;1080;48;1094;5;1095;2;1101;48;1090.5;109312.0
1;43000;ORCHIDS;1089;5;1088;2;1082;54;1096;5;1097;2;1103;54;1092.5;109312.0
1;43000;AMETHYSTS;9996;1;9995;29;;;10004;1;10005;29;;;10000.0;632.0
1;43000;STARFRUIT;5054;30;;;;;5061;30;;;;;5057.5;574.078125
1;43100;STARFRUIT;5054;22;;;;;5059;5;5061;22;;;5056.5;570.9296875
1;43100;ORCHIDS;1087;7;1086;4;1080;41;1094;7;1095;4;1101;41;1090.5;109312.0
1;43100;AMETHYSTS;9998;5;9995;22;;;10005;22;;;;;10001.5;632.0
1;43200;AMETHYSTS;9995;25;;;;;10002;1;10005;25;;;9998.5;632.0
1;43200;ORCHIDS;1087;5;1086;3;1080;49;1094;5;1095;3;1101;49;1090.5;109312.0
1;43200;STARFRUIT;5053;25;;;;;5055;2;5061;25;;;5054.0;565.0546875
1;43300;AMETHYSTS;9995;27;;;;;10005;27;;;;;10000.0;632.0
1;43300;STARFRUIT;5053;27;;;;;5061;27;;;;;5057.0;569.1796875
1;43300;ORCHIDS;1088;5;1087;5;1081;46;1095;5;1096;5;1102;46;1091.5;109312.0
1;43400;AMETHYSTS;9998;9;9995;27;;;10005;27;;;;;10001.5;632.0
1;43400;ORCHIDS;1090;7;1087;6;1086;4;1094;6;1095;4;1101;44;1092.0;109312.0
1;43400;STARFRUIT;5054;27;;;;;5059;4;5061;27;;;5056.5;571.078125
1;43500;STARFRUIT;5054;24;;;;;5059;3;5061;24;;;5056.5;581.4765625
1;43500;ORCHIDS;1085;10;1084;2;1078;47;1092;10;1093;2;1099;47;1088.5;109312.0
1;43500;AMETHYSTS;9996;1;9995;23;;;10004;1;10005;23;;;10000.0;676.0
1;43600;AMETHYSTS;9996;1;9995;27;;;10004;1;10005;27;;;10000.0;676.0
1;43600;ORCHIDS;1087;9;1086;2;1080;52;1094;9;1095;2;1101;52;1090.5;109312.0
1;43600;STARFRUIT;5054;28;;;;;5059;6;5061;28;;;5056.5;573.390625
1;43700;AMETHYSTS;10002;1;9996;2;9995;26;10004;2;10005;26;;;10003.0;676.0
1;43700;STARFRUIT;5054;2;5053;26;;;5056;5;5060;28;;;5055.0;566.9765625
1;43700;ORCHIDS;1088;5;1087;2;1081;46;1095;5;1096;2;1102;46;1091.5;109312.0
1;43800;AMETHYSTS;9996;2;9995;30;;;10004;2;10005;30;;;10000.0;678.0
1;43800;ORCHIDS;1089;8;1088;4;1082;49;1096;8;1097;4;1103;49;1092.5;109312.0
1;43800;STARFRUIT;5053;32;;;;;5060;32;;;;;5056.5;540.828125
1;43900;STARFRUIT;5052;26;;;;;5059;26;;;;;5055.5;550.9296875
1;43900;ORCHIDS;1087;8;1086;2;1080;47;1094;8;1095;2;1101;47;1090.5;109312.0
1;43900;AMETHYSTS;9995;26;;;;;10002;10;10005;26;;;9998.5;678.0
1;44000;AMETHYSTS;9996;1;9995;22;;;10004;1;10005;22;;;10000.0;678.0
1;44000;ORCHIDS;1087;5;1086;3;1080;39;1095;5;1096;3;1102;39;1091.0;109312.0
1;44000;STARFRUIT;5053;23;;;;;5059;1;5060;22;;;5056.0;545.90625
1;44100;AMETHYSTS;9996;2;9995;28;;;10004;2;10005;28;;;10000.0;678.0
1;44100;STARFRUIT;5053;30;;;;;5060;30;;;;;5056.5;539.0078125
1;44100;ORCHIDS;1087;10;1086;4;1080;58;1094;10;1095;4;1101;58;1090.5;109312.0
1;44200;AMETHYSTS;9998;7;9995;22;;;10005;22;;;;;10001.5;678.0
1;44200;ORCHIDS;1087;5;1086;3;1080;40;1094;5;1095;3;1101;40;1090.5;109312.0
1;44200;STARFRUIT;5054;4;5053;22;;;5060;22;;;;;5057.0;538.5078125
1;44300;STARFRUIT;5056;2;5053;27;;;5060;27;;;;;5058.0;537.84375
1;44300;ORCHIDS;1085;9;1084;2;1078;47;1092;9;1093;2;1099;47;1088.5;109312.0
1;44300;AMETHYSTS;10000;2;9996;2;9995;25;10004;2;10005;25;;;10002.0;678.0
1;44400;AMETHYSTS;9998;2;9995;27;;;10005;27;;;;;10001.5;678.0
1;44400;ORCHIDS;1084;8;1083;2;1077;51;1091;8;1092;2;1098;51;1087.5;109312.0
1;44400;STARFRUIT;5053;27;;;;;5060;27;;;;;5056.5;540.9375
1;44500;AMETHYSTS;9996;1;9995;30;;;10004;1;10005;30;;;10000.0;678.0
1;44500;STARFRUIT;5053;31;;;;;5060;31;;;;;5056.5;536.8359375
1;44500;ORCHIDS;1083;6;1082;5;1076;50;1090;6;1091;5;1097;50;1086.5;109312.0
1;44600;AMETHYSTS;9995;26;;;;;10005;26;;;;;10000.0;678.0
1;44600;ORCHIDS;1084;5;1083;2;1077;46;1091;5;1092;2;1098;46;1087.5;109312.0
1;44600;STARFRUIT;5054;26;;;;;5061;26;;;;;5057.5;528.6796875
1;44700;STARFRUIT;5054;28;;;;;5059;5;5061;28;;;5056.5;521.203125
1;44700;ORCHIDS;1084;7;1083;5;1077;49;1091;7;1092;5;1098;49;1087.5;109312.0
1;44700;AMETHYSTS;9995;28;;;;;10005;28;;;;;10000.0;678.0
1;44800;AMETHYSTS;9996;1;9995;21;;;10004;1;10005;21;;;10000.0;678.0
1;44800;ORCHIDS;1084;7;1083;2;1077;45;1091;7;1092;2;1098;45;1087.5;109312.0
1;44800;STARFRUIT;5054;22;;;;;5059;4;5061;22;;;5056.5;519.265625
1;44900;AMETHYSTS;9998;4;9995;24;;;10005;24;;;;;10001.5;678.0
1;44900;STARFRUIT;5054;24;;;;;5059;3;5061;24;;;5056.5;526.921875
1;44900;ORCHIDS;1083;10;1082;4;1076;46;1090;10;1091;4;1097;46;1086.5;109312.0
1;45000;AMETHYSTS;9996;1;9995;21;;;10004;1;10005;21;;;10000.0;678.0
1;45000;ORCHIDS;1084;8;1083;4;1077;42;1091;8;1092;4;1098;42;1087.5;109312.0
1;45000;STARFRUIT;5054;22;;;;;5055;1;5061;22;;;5054.5;520.625
1;45100;STARFRUIT;5054;1;5053;22;;;5060;23;;;;;5057.0;535.640625
1;45100;ORCHIDS;1085;6;1084;2;1078;43;1092;6;1093;2;1099;43;1088.5;109312.0
1;45100;AMETHYSTS;9996;1;9995;22;;;10004;1;10005;22;;;10000.0;678.0
1;45200;AMETHYSTS;9995;29;;;;;10005;29;;;;;10000.0;678.0
1;45200;ORCHIDS;1085;6;1084;3;1078;46;1092;6;1093;3;1099;46;1088.5;109312.0
1;45200;STARFRUIT;5053;29;;;;;5061;29;;;;;5057.0;533.53125
1;45300;AMETHYSTS;9996;1;9995;28;;;10004;1;10005;28;;;10000.0;678.0
1;45300;STARFRUIT;5054;1;5053;28;;;5060;29;;;;;5057.0;534.140625
1;45300;ORCHIDS;1086;10;1085;2;1079;58;1093;10;1094;2;1100;58;1089.5;109312.0
1;45400;ORCHIDS;1086;5;1085;3;1079;43;1093;5;1094;3;1100;43;1089.5;109312.0
1;45400;STARFRUIT;5054;24;;;;;5061;24;;;;;5057.5;523.7890625
1;45400;AMETHYSTS;9996;2;9995;22;;;9998;6;10002;5;10004;2;9997.0;678.0
1;45500;STARFRUIT;5054;30;;;;;5060;2;5061;28;;;5057.0;530.7265625
1;45500;ORCHIDS;1085;9;1084;2;1078;57;1092;9;1093;2;1099;57;1088.5;109312.0
1;45500;AMETHYSTS;9996;2;9995;28;;;9998;1;10004;2;10005;28;9997.0;690.0
1;45600;ORCHIDS;1083;9;1082;4;1076;53;1090;9;1091;4;1097;53;1086.5;109312.0
1;45600;STARFRUIT;5053;25;;;;;5060;1;5061;25;;;5056.5;533.234375
1;45600;AMETHYSTS;9996;1;9995;25;;;10004;1;10005;25;;;10000.0;692.0
1;45700;AMETHYSTS;9998;9;9996;1;9995;28;10004;1;10005;28;;;10001.0;692.0
1;45700;STARFRUIT;5054;29;;;;;5061;29;;;;;5057.5;526.5546875
1;45700;ORCHIDS;1084;5;1083;3;1077;50;1091;5;1092;3;1098;50;1087.5;109312.0
1;45800;STARFRUIT;5054;25;;;;;5061;25;;;;;5057.5;523.0078125
1;45800;AMETHYSTS;9996;2;9995;23;;;10004;2;10005;23;;;10000.0;692.0
1;45800;ORCHIDS;1084;9;1083;5;1077;42;1091;9;1092;5;1098;42;1087.5;109312.0
1;45900;STARFRUIT;5054;26;;;;;5059;2;5061;26;;;5056.5;522.640625
1;45900;ORCHIDS;1085;10;1084;5;1078;55;1092;10;1093;5;1099;55;1088.5;109312.0
1;45900;AMETHYSTS;9998;2;9995;26;;;10005;26;;;;;10001.5;692.0
1;46000;ORCHIDS;1083;6;1082;2;1076;46;1090;6;1091;2;1097;46;1086.5;109312.0
1;46000;STARFRUIT;5054;30;;;;;5061;30;;;;;5057.5;524.9140625
1;46000;AMETHYSTS;9996;1;9995;29;;;10004;1;10005;29;;;10000.0;692.0
1;46100;ORCHIDS;1083;5;1082;2;1076;41;1090;5;1091;2;1097;41;1086.5;109312.0
1;46100;AMETHYSTS;9998;5;9996;1;9995;25;10004;1;10005;25;;;10001.0;692.0
1;46100;STARFRUIT;5054;26;;;;;5060;1;5061;25;;;5057.0;530.515625
1;46200;STARFRUIT;5054;1;5053;20;;;5060;21;;;;;5057.0;535.234375
1;46200;AMETHYSTS;9998;7;9996;1;9995;20;10004;1;10005;20;;;10001.0;692.0
1;46200;ORCHIDS;1082;8;1081;5;1075;39;1089;8;1090;5;1096;39;1085.5;109312.0
1;46300;STARFRUIT;5054;28;;;;;5060;1;5061;27;;;5057.0;530.984375
1;46300;ORCHIDS;1083;7;1082;3;1076;45;1090;7;1091;3;1097;45;1086.5;109312.0
1;46300;AMETHYSTS;9996;1;9995;27;;;10004;1;10005;27;;;10000.0;692.0
1;46400;ORCHIDS;1081;7;1080;4;1074;42;1088;7;1089;4;1095;42;1084.5;109312.0
1;46400;STARFRUIT;5054;24;;;;;5060;1;5061;23;;;5057.0;531.78125
1;46400;AMETHYSTS;9996;1;9995;23;;;10002;4;10004;1;10005;23;9999.0;704.0
1;46500;ORCHIDS;1083;8;1080;5;1079;4;1087;5;1088;4;1094;44;1085.0;109312.0
1;46500;AMETHYSTS;9996;1;9995;20;;;10004;1;10005;20;;;10000.0;704.0
1;46500;STARFRUIT;5054;21;;;;;5059;5;5061;21;;;5056.5;526.4609375
1;46600;STARFRUIT;5054;23;;;;;5059;8;5061;23;;;5056.5;522.53125
1;46600;AMETHYSTS;9996;2;9995;21;;;10004;2;10005;21;;;10000.0;704.0
1;46600;ORCHIDS;1081;9;1080;5;1074;46;1083;3;1088;9;1089;5;1082.0;109312.0
1;46700;STARFRUIT;5055;29;;;;;5061;2;5062;27;;;5058.0;512.46875
1;46700;ORCHIDS;1081;10;1080;3;1074;48;1089;10;1090;3;1096;48;1085.0;109312.0
1;46700;AMETHYSTS;10002;2;9996;2;9995;27;10004;2;10005;27;;;10003.0;704.0
1;46800;ORCHIDS;1081;9;1080;3;1074;53;1089;9;1090;3;1096;53;1085.0;109312.0
1;46800;STARFRUIT;5056;2;5055;30;;;5061;2;5062;28;;;5058.5;513.2890625
1;46800;AMETHYSTS;9996;2;9995;28;;;10002;7;10004;2;10005;28;9999.0;708.0
1;46900;ORCHIDS;1081;9;1080;5;1074;45;1089;9;1090;5;1096;45;1085.0;109312.0
1;46900;AMETHYSTS;9998;10;9996;1;9995;24;10004;1;10005;24;;;10001.0;708.0
1;46900;STARFRUIT;5054;25;;;;;5061;25;;;;;5057.5;527.8515625
1;47000;STARFRUIT;5057;3;5054;27;;;5059;3;5061;27;;;5058.0;527.515625
1;47000;AMETHYSTS;10000;3;9996;1;9995;26;10004;1;10005;26;;;10002.0;708.0
1;47000;ORCHIDS;1081;10;1080;2;1074;50;1089;10;1090;2;1096;50;1085.0;109312.0
1;47100;STARFRUIT;5054;1;5053;28;;;5060;28;;;;;5057.0;533.953125
1;47100;ORCHIDS;1081;8;1080;5;1074;47;1088;8;1089;5;1095;47;1084.5;109312.0
1;47100;AMETHYSTS;9998;7;9995;28;;;10005;28;;;;;10001.5;708.0
1;47200;ORCHIDS;1081;9;1080;4;1074;45;1088;9;1089;4;1095;45;1084.5;109312.0
1;47200;STARFRUIT;5053;25;;;;;5054;8;5060;25;;;5053.5;539.6875
1;47200;AMETHYSTS;9998;8;9996;2;9995;23;10004;2;10005;23;;;10001.0;740.0
1;47300;ORCHIDS;1081;7;1080;4;1074;51;1088;7;1089;4;1095;51;1084.5;109312.0
1;47300;AMETHYSTS;9996;1;9995;29;;;10004;1;10005;29;;;10000.0;740.0
1;47300;STARFRUIT;5054;30;;;;;5061;30;;;;;5057.5;553.5
1;47400;STARFRUIT;5054;28;;;;;5059;2;5061;28;;;5056.5;555.296875
1;47400;AMETHYSTS;9995;28;;;;;9998;1;10005;28;;;9996.5;740.0
1;47400;ORCHIDS;1080;5;1079;5;1073;51;1087;5;1088;5;1094;51;1083.5;109312.0
1;47500;STARFRUIT;5054;23;;;;;5061;23;;;;;5057.5;555.765625
1;47500;AMETHYSTS;9996;2;9995;21;;;10004;2;10005;21;;;10000.0;746.0
1;47500;ORCHIDS;1079;9;1078;4;1072;41;1086;9;1087;4;1093;41;1082.5;109312.0
1;47600;ORCHIDS;1078;9;1077;5;1071;50;1085;9;1086;5;1092;50;1081.5;109312.0
1;47600;STARFRUIT;5054;29;;;;;5062;29;;;;;5058.0;551.8125
1;47600;AMETHYSTS;9995;29;;;;;10005;29;;;;;10000.0;749.0
1;47700;AMETHYSTS;9996;2;9995;23;;;10004;2;10005;23;;;10000.0;749.0
1;47700;ORCHIDS;1078;10;1077;2;1071;47;1085;10;1086;2;1092;47;1081.5;109312.0
1;47700;STARFRUIT;5056;2;5055;23;;;5062;25;;;;;5059.0;544.015625
1;47800;STARFRUIT;5056;28;;;;;5061;7;5062;1;5063;27;5058.5;541.3828125
1;47800;AMETHYSTS;9996;1;9995;27;;;9998;1;10004;1;10005;27;9997.0;749.0
1;47800;ORCHIDS;1077;5;1076;3;1070;48;1084;5;1085;3;1091;48;1080.5;109312.0
1;47900;STARFRUIT;5057;1;5056;24;;;5063;24;;;;;5060.0;539.73046875
1;47900;AMETHYSTS;9995;24;;;;;9998;1;10005;24;;;9996.5;751.0
1;47900;ORCHIDS;1076;7;1075;3;1069;46;1083;7;1084;3;1090;46;1079.5;109312.0
1;48000;ORCHIDS;1076;6;1075;5;1069;53;1083;6;1084;5;1090;53;1079.5;109312.0
1;48000;STARFRUIT;5057;6;5056;29;;;5062;1;5063;28;;;5059.5;540.79296875
1;48000;AMETHYSTS;9996;1;9995;28;;;9998;3;10004;1;10005;28;9997.0;753.0
1;48100;AMETHYSTS;9996;1;9995;21;;;10004;1;10005;21;;;10000.0;759.0
1;48100;ORCHIDS;1076;7;1075;5;1069;41;1083;7;1084;5;1090;41;1079.5;109312.0
1;48100;STARFRUIT;5056;22;;;;;5063;22;;;;;5059.5;537.9609375
1;48200;STARFRUIT;5056;26;;;;;5063;26;;;;;5059.5;539.546875
1;48200;AMETHYSTS;10002;4;9996;1;9995;25;10004;1;10005;25;;;10003.0;759.0
1;48200;ORCHIDS;1077;10;1076;4;1070;51;1084;10;1085;4;1091;51;1080.5;109312.0
1;48300;STARFRUIT;5055;26;;;;;5061;2;5062;24;;;5058.0;551.53125
1;48300;AMETHYSTS;10002;1;9996;2;9995;24;10004;2;10005;24;;;10003.0;767.0
1;48300;ORCHIDS;1079;5;1078;4;1072;39;1086;5;1087;4;1093;39;1082.5;109312.0
